2594 4696
1061 311 1122 382 ts?

55 480 142 528 tuum
160 473 307 530 demereri
324 484 376 532 aut
390 474 563 535 humanitati
578 489 646 534 tttae
663 475 818 547 giutiicari
834 475 968 547 possim,
989 491 1052 529 nou
1067 473 1121 529 ha.

54 561 127 619 beo.
162 555 322 620 Subiereri
335 576 433 623 autem
446 569 554 639 coepi,
571 585 609 623 oe
621 569 698 623 forte
712 584 782 622 cunt
793 579 846 623 tuo
861 567 994 638 periculo
1008 579 1119 619 nomeu

54 662 141 706 tuum
158 669 229 708 tneo
245 654 384 709 damnato
400 667 431 711 et
447 667 605 712 exsecrate
622 657 735 712 nomini
754 657 947 727 conjunctum
960 654 1121 709 circumle.

54 752 155 808 ratur,
172 754 206 799 ut
223 746 384 816 antea-jam
401 746 524 818 scripsi,
542 758 572 802 et
589 748 626 802 ita
643 740 786 819 quantum
797 747 872 801 milti
884 744 1049 800 autoritatis
1062 743 1120 798 sub

55 842 110 887 tuo
127 834 249 889 nomine
273 835 405 903 accedit,
428 830 539 901 lentum
561 836 612 891 tibi
637 832 819 906 ignominiae
835 848 865 890 et
887 835 947 890 odii
968 834 1026 888 sub
1048 849 1118 888 meo
1149 896 1155 903 ‚

55 923 181 976 nomine
199 922 360 980 immineat.
377 928 404 990 ²)
438 913 530 997 Quod
554 925 579 980 si
602 927 640 981 ita
658 926 715 994 sit,
739 926 854 980 veniant
874 936 945 996 peto
962 935 991 979 et
1008 923 1121 993 impru.

55 1006 188 1067 dentiam
204 1012 371 1083 deprecor,
396 1031 473 1086 quae
495 1026 594 1070 tumen
614 1014 677 1070 hoo
693 1016 815 1070 nomine
832 1015 920 1070 facile
937 1014 976 1069 sit
991 1028 1121 1068 excusa.

55 1102 144 1171 bilis,
170 1104 252 1174 (luod
269 1107 330 1158 nou
348 1104 448 1159 studio
464 1105 607 1170 nocendi,
633 1106 692 1160 sed·
711 1104 839 1176 simplici
863 1116 894 1160 et
918 1120 995 1176 puro
1013 1103 1122 1158 affeetu

57 1193 258 1262 gratificandi,
281 1192 329 1258 id,
348 1194 489 1265 quicquid
507 1203 568 1260 est,
591 1195 660 1249 feei.
695 1194 734 1249 Et
751 1195 835 1264 scio,
861 1211 937 1267 quae
954 1194 996 1250 tui
1015 1193 1120 1258 ingenii

57 1297 177 1337 summa
194 1295 241 1336 est
257 1283 403 1351 suavitas,
422 1282 494 1337 milli
510 1281 637 1338 libenter
654 1284 797 1353 ignoscet.
833 1283 922 1339 Plura
938 1281 1120 1354 exemplaris

57 1389 138 1426 nuno
155 1390 217 1426 uon
233 1372 378 1429 miserunt
389 1389 405 1426 e
418 1366 625 1447 Witenberga,
643 1389 731 1444 quarn
744 1374 798 1428 ista
811 1374 886 1442 duo,
905 1388 1036 1445 quorum
1048 1374 1120 1428 alte.

57 1479 125 1518 rum
143 1461 273 1518 Eobauo
290 1462 389 1518 Hesso
401 1463 431 1527 *l
447 1463 533 1528 misi,
551 1463 675 1517 alterum
692 1473 758 1518 tuae
777 1462 967 1532 Paternitati‚
986 1480 1045 1517 uon
1057 1474 1120 1519 tatu

58 1547 141 1623 quo'd
160 1551 270 1622 aliquid
286 1552 382 1619 magni
399 1551 567 1619 mitterem,
585 1567 674 1622 quam
690 1563 723 1605 ut
741 1552 827 1605 fidem
842 1568 939 1606 meam
951 1553 1120 1608 liberarem.

60 1642 205 1713 Alioquin
224 1640 416 1695 lssientissitne
434 1651 463 1695 et
479 1643 657 1713 Spenglero,
675 1641 820 1712 Symlico,
831 1642 858 1706 ²)
877 1654 906 1695 et
920 1641 1031 1710 Lince,
1049 1642 1120 1697 viris

58 1732 269 1797 dexterrimis‚
287 1730 448 1803 misissem.
482 1720 556 1785 Misi
572 1741 672 1786 autem
682 1730 744 1784 hoe
757 1731 867 1785 festino
879 1732 1000 1798 nuntio,
1017 1742 1049 1787 ut
1060 1749 1120 1786 neo

61 1822 125 1892 ipse
143 1822 246 1875 eadem
263 1821 439 1889 relegerim‚
455 1820 573 1875 iuterim
592 1820 680 1874 etiam
698 1836 822 1888 careus,
840 1820 935 1875 donec
952 1821 1035 1893 plura
1052 1806 1121 1876 mii.

62 1924 169 1966 tantur.
201 1911 356 1966 Dominus
373 1911 467 1965 Jesus
486 1911 538 1965 lux
555 1922 585 1964 et
602 1910 682 1965 salus
700 1920 801 1965 nostra
820 1911 946 1966 illustret
968 1902 996 1965 et
1019 1923 1121 1967 servet

61 2017 118 2057 vos
135 2000 311 2067 nobiscum,
329 2017 425 2071 usque
442 2001 469 2054 in
482 2001 563 2054 illum
574 2000 654 2055 diem
666 2016 770 2069 suum,
789 2004 896 2056 Ameu.
930 1999 981 2057 Ex
991 2001 1118 2072 Eremo‚

58 2086 102 2145 22.
118 2091 262 2160 Augusti,
282 2105 360 2144 auno
376 2088 547 2145 MDXXX.

792 2179 942 2236 Mamilius
958 2180 1085 2241 Luther.

94 2521 285 2596 saueius.
509 2528 533 2553 2·
751 2490 1119 2583 N⁰.·Mchxxxtv.'

412 2675 461 2743 llu
489 2672 619 2745 enisu
648 2672 772 2756 itllt.

368 2833 391 2881 8.
405 2831 536 2883 uterium
550 2833 598 2881 ituit
612 2836 653 2879 lert
669 2835 712 2879 tls.
725 2832 815 2884 iliattu.

129 3064 182 3113 itui
196 3068 233 3112 ter
245 3065 457 3117 sisuttittiru
471 3067 619 3122 &emulum
632 3076 658 3119 tu
672 3065 761 3121 iutilia
775 3066 815 3119 lut
829 3065 940 3124 ssdlilst
952 3066 993 3112 ill.
1007 3068 1051 3116 llo.

66 3201 213 3301 Gratiam
231 3256 261 3300 et
279 3264 384 3319 pacem
402 3247 430 3301 in
449 3245 593 3302 Domino.
628 3247 723 3303 Mitto
741 3248 894 3304 Psalmum
911 3264 1012 3302 meum
1029 3245 1121 3317 (its),

66 3338 177 3408 optime
197 3336 340 3405 liobam,
359 3354 448 3408 quem
467 3337 607 3407 promisi,
629 3355 695 3390 urea
713 3338 802 3391 saliva
822 3338 1009 3392 maculatum.
1041 3338 1121 3392 Nam

66 3440 92 3480 et
117 3439 204 3481 tuum
229 3427 332 3496 accepi
356 3442 426 3479 eum
451 3426 545 3480 literis
570 3426 769 3495 suavissimiS‚
793 3428 885 3482 laetus
904 3438 933 3484 et
949 3437 1047 3495 gratus
1066 3426 1124 3495 legi

67 3518 169 3580 etiarn,
187 3526 217 3569 et
235 3516 336 3584 relego
354 3516 493 3586 qumidie.
527 3515 598 3585 Nou
616 3517 753 3586 postulo,
782 3534 880 3588 ueque
897 3527 988 3588 opto,
1014 3529 1045 3571 ut
1064 3519 1123 3588 plu.

66 3620 127 3661 cest
146 3606 197 3659 tibi
215 3622 319 3671 meus,
338 3618 369 3659 ut
387 3605 457 3660 mihi
476 3606 572 3676 placet
589 3616 673 3674 tuus,
694 3606 807 3663 etiamsi
824 3607 861 3662 sit
878 3607 956 3663 idem
973 3607 1122 3663 Psalmus.

114 3810 134 3858 l)
148 3805 245 3852 Auris.
261 3804 378 3850 immittet.
433 3806 455 3860 2)
469 3804 566 3850 Aurit'.
579 3827 605 3839 -
616 3805 729 3864 syndico.

67 3920 296 3933 βψ

114 3994 136 4046 ‘l
151 3992 183 4042 e.
197 3992 218 4036 t.
232 3991 290 4044 folo.
304 3990 349 4039 uir.
