2586 4696
194 310 256 379 ¹26
677 315 769 384 taso.

192 473 312 541 nistret,
330 470 587 546 tamquamverbo
602 482 632 530 et
643 474 750 529 virtute
761 473 833 530 Dei.
867 473 935 529 lloc
946 468 973 542 ¹)
989 471 1027 529 de
1043 468 1251 532 traditionibus

193 562 305 620 sentio:
324 580 431 619 verum
447 581 483 619 an
501 575 530 619 te
548 576 579 643 et
596 571 645 620 tua
663 565 837 637 intelligam,
855 565 969 621 nescio.

196 687 203 700 ·
259 675 352 752 Quod
369 678 575 734 traditionibus
591 679 702 736 misces
720 677 929 754 ibracbpnmim
950 694 1021 734 curn
1035 677 1064 745 α)
1086 675 1140 735 tuo
1157 678 1252 733 Bern.

192 766 308 833 bardo,
326 785 416 840 quem
434 770 520 840 ponis
538 781 621 825 recte
639 771 832 838 sentientem,
851 780 882 824 et
897 779 996 825 tamen
1013 769 1123 838 eligere
1135 778 1250 824 certum

188 857 339 930 jejunium
356 876 410 930 pro
427 860 527 930 gratiis
544 861 682 930 agendis,
699 860 761 914 hoc
779 877 834 930 ego
847 857 878 928 ³)
896 874 957 914 non
968 876 1049 914 voco
1062 859 1250 914 traditionem

193 964 211 1002 a
228 958 372 1020 potestate
389 941 421 1016 ⁴)
439 960 595 1017 statutam,
611 944 644 1016 ⁵)
665 950 718 1007 sed
736 950 895 1006 electitiam
912 950 1017 1023 privati
1033 949 1163 1005 hominis
1180 966 1251 1022 ope.

193 1039 355 1095 rationem:
375 1040 412 1093 de
428 1057 489 1112 quo
507 1040 552 1095 sic
569 1040 714 1108 arbitror,
731 1034 812 1113 quod
828 1056 890 1095 non
906 1038 1183 1095 liceatBemhardo
1195 1040 1252 1095 tale

190 1128 339 1200 jejunium
355 1129 402 1184 vel
421 1131 555 1185 ordinem
572 1131 691 1199 eligere.
724 1131 893 1200 Derogaret
909 1131 988 1184 enim
1004 1131 1082 1184 haec
1099 1130 1254 1199 singulari.

193 1230 238 1275 tas
255 1220 303 1274 vel
321 1219 395 1274 ordo
420 1220 544 1275 caeteris
568 1221 722 1276 ordinibus
746 1231 775 1275 et
799 1220 939 1292 operibus
955 1220 1035 1287 Dei,
1061 1236 1130 1274 cum
1154 1221 1254 1275 omitia

193 1319 296 1364 nostra
313 1308 378 1363 lieri
395 1309 518 1364 debeant
535 1310 564 1363 in
582 1310 702 1364 nomine
718 1309 829 1365 Christi
847 1319 877 1364 et
891 1310 928 1363 ad
951 1309 1074 1379 gloriam
1088 1309 1163 1365 Dei.
1201 1311 1254 1364 llla

122 1412 127 1422 ·
193 1413 269 1453 vero
287 1398 470 1468 singularitas
488 1398 666 1454 obscuraret
681 1392 709 1466 ⁶)
725 1400 824 1454 omnia
840 1400 902 1455 hoc
924 1400 1063 1471 exemplo
1080 1390 1113 1468 7)
1136 1400 1253 1472 pericu.

159 1498 162 1509 ·
193 1486 263 1542 loso
281 1499 311 1543 et
327 1488 466 1543 scandalo
483 1486 629 1559 imperitis
647 1488 759 1557 noxio,
785 1498 814 1545 et
831 1488 908 1544 sicut
924 1488 1076 1562 Scriptura
1101 1488 1253 1561 loquitur,

195 1574 385 1648 offendiculo
403 1594 515 1633 coram
532 1577 664 1633 coecis..-

261 1691 471 1767 Quamquam,
495 1694 520 1748 si
537 1687 564 1758 ⁸)
587 1691 650 1747 boc
673 1691 844 1747 scandalum
866 1693 1045 1749 toleraretur
1064 1708 1101 1746 eo
1120 1693 1253 1748 remedio

193 1792 411 1857 temperatum,
429 1777 456 1850 9)
476 1785 557 1856 quod
576 1784 663 1840 simul
680 1785 857 1853 doceretur,
878 1785 968 1854 juxta
985 1783 1067 1838 hunc
1082 1784 1252 1839 Bernhardi

194 1877 332 1931 ordinem
344 1875 381 1943 10)
399 1875 493 1940 (sicut
505 1884 657 1946 oporteret
672 1873 790 1941 doceri)
807 1874 901 1930 multo
920 1874 1099 1930 sanctiorem
1115 1890 1184 1930 esse
1202 1893 1253 1929 or.

195 1966 294 2020 dinem
320 1965 484 2037 quemlibet
504 1964 581 2030 Dei,
607 1973 641 2019 ut
666 1965 845 2035 conjugum,
874 1981 1049 2032 servorum,
1079 1977 1253 2036 parentum,

193 2053 357 2109 liberorum
374 2053 512 2109 ordinem
529 2063 586 2108 etc.
602 2062 632 2108 et
648 2054 742 2110 multo
760 2053 907 2126 aptiorem
924 2054 959 2108 ad
976 2055 1082 2123 gratias
1104 2055 1254 2124 agendas,

195 2153 227 2199 et
242 2145 312 2198 Deo
329 2143 438 2197 millies
457 2142 673 2212 probatiorem,
692 2159 780 2214 quam
797 2144 884 2197 istum
895 2144 931 2204 ¹¹)
950 2143 1128 2213 singularem
1147 2153 1176 2198 et
1192 2146 1254 2198 ele.

195 2235 325 2291 ctitium:
343 2252 403 2290 non
420 2244 502 2289 esset
517 2234 729 2302 metuendum,
745 2234 832 2289 istam
849 2232 1060 2308 ibracbpnradar
1074 2234 1252 2306 praevalitu.

193 2340 269 2381 ram.
304 2324 361 2380 Sed
375 2323 454 2378 haec
475 2331 559 2378 extra
576 2339 709 2378 eausam.

260 2438 381 2493 Summa
397 2437 473 2492 haec
491 2445 551 2494 est:
577 2437 649 2492 Non
667 2437 757 2492 licere
774 2439 892 2513 λατρείαν
907 2439 998 2493 ullam
1015 2436 1121 2507 eligere
1139 2444 1189 2491 aut
1207 2438 1252 2492 in.

194 2534 297 2587 venire
314 2530 428 2603 absque
445 2544 592 2601 expresso
609 2529 745 2584 mandato
757 2529 817 2584 Dei
834 2541 864 2585 et
879 2540 961 2585 certo
973 2529 1079 2585 verbo.
1112 2528 1161 2584 Sic
1172 2530 1254 2586 enim

194 2622 340 2677 hactenus
367 2621 524 2675 docuimus
546 2632 575 2674 et
600 2629 692 2675 recte.
728 2619 809 2695 Quid
825 2635 898 2674 vero
916 2620 994 2675 aliud
1012 2628 1093 2675 esset
1110 2620 1158 2675 ssle
1176 2622 1254 2676 ordo

194 2705 379 2777 Bemhardi,
398 2726 487 2781 quam
502 2708 621 2774 vere12)
638 2709 742 2783 tarpeia
758 2709 903 2780 quaedam
920 2709 995 2764 ultra
1008 2720 1038 2765 et
1048 2721 1168 2782 praeter
1179 2727 1255 2783 quas

194 2800 282 2856 Deus
299 2799 464 2872 praecepit,
485 2796 520 2866 ¹³)
537 2814 661 2872 prorsus
679 2797 830 2855 electitia?

261 2915 343 2970 Haec
369 2914 587 2986 accipe'ame,
612 2926 643 2966 ut
667 2912 813 2968 divinante
838 2912 873 2967 ds
899 2900 948 2969 tua
972 2913 1117 2969 sententia
1140 2916 1253 2985 magis,

195 3019 285 3075 quam
301 2995 343 3068 ¹4)
362 3002 568 3072 perspiciente.
603 3001 691 3056 Forte
714 3002 776 3055 aliis
801 3002 959 3058 distractus
983 3019 1052 3058 sum
1071 3006 1256 3074 cogitationi.

195 3094 271 3163 bus,
287 3104 320 3147 ut
337 3103 386 3147 tua
403 3094 500 3147 minus
518 3092 643 3146 videam.
677 3092 800 3163 Alioqui
817 3092 890 3146 milri
908 3080 1015 3148 mirum
1034 3105 1095 3163 est,
1118 3111 1172 3150 cur
1187 3096 1254 3151 talia

101 3214 103 3218 ,
196 3184 281 3257 quasi
307 3184 423 3252 ignarus
446 3198 589 3254 quaeras.
614 3198 681 3235 curn
699 3181 810 3248 sciam,
836 3192 864 3237 te
891 3183 1002 3252 optime
1027 3185 1128 3240 omnia
1150 3196 1255 3240 nostra

194 3274 367 3342 intelligere.
400 3271 466 3341 Ego
489 3281 560 3342 puto
583 3270 612 3324 in
636 3262 1061 3338 ornatibus1⁵)htssuffieere
1078 3290 1200 3330 causam
1217 3268 1258 3342 16>

194 3363 388 3431 efficientem,
407 3362 520 3418 scilicet
532 3360 613 3432 quod
625 3361 816 3416 Bernhardus
832 3379 892 3417 non
910 3363 1015 3418 debeat
1032 3365 1120 3420 talem
1139 3366 1256 3422 cultum

115 3495 118 3499 ,
195 3454 303 3523 eligere
327 3464 376 3506 aut
398 3453 501 3524 sequi,
526 3451 595 3524 quia
617 3467 679 3505 aron
703 3459 754 3528 est¹
771 3451 806 3505 sd
829 3451 892 3507 hoc
915 3465 1057 3523 vocatus,
1082 3472 1139 3509 uec
1162 3455 1255 3513 habet

245 3709 266 3759 t)
285 3703 360 3748 Blae.
380 3701 461 3747 coel.
479 3699 540 3751 &ab
559 3700 626 3747 baec.
674 3699 800 3752 bilin.
848 3702 1075 3762 stulu-ego.
1124 3705 1252 3754 tianae·

195 3778 295 3837 pietate.
346 3777 369 3828 5)
384 3775 410 3820 C.
425 3774 566 3819 institutam.
616 3774 878 3824 metucoservaret.
927 3778 951 3828 1)
965 3776 1004 3822 ΡΙ.
1019 3777 1043 3822 C.
1058 3776 1121 3828 &tib
1134 3777 1193 3824 haer
1203 3792 1253 3824 01112

196 3853 236 3900 ‚112
250 3849 371 3907 exemplo,
419 3851 443 3899 8)
458 3847 495 3892 11.
511 3848 536 3893 c.
551 3846 611 3898 611.
625 3849 641 3900 †
655 3847 735 3894 etiam.
785 3850 808 3898 9)
827 3851 888 3899 &aa
904 3850 1052 3897 reremedio
1066 3853 1250 3907 temperaretur.

197 3920 473 3976 illlQ-ordluom.
523 3921 598 3969 1110.
615 3919 689 3965 illurn.
739 3920 825 3972 mlii.
841 3922 946 3968 evera.
997 3926 1031 3973 13)
1048 3924 1111 3977 δῶ·
1123 3923 1250 3984 Praecipit.

197 4003 231 4050 14)
245 4000 307 4050 <bill-
321 3997 336 4063 ’ς
350 4007 410 4043 eam.
461 3994 494 4044 15)
508 3993 547 4040 11.
561 3992 587 4040 c.
601 4016 626 4029 -
639 3994 757 4043 omnibus.
807 3996 840 4050 16)
852 3995 881 4042 Τ.
895 3997 1008 4045 animum.
