2586 4696
104 304 167 375 606
585 303 675 371 1538.
701 336 704 343 ·

105 462 202 519 tidelis
226 470 257 519 et
279 462 418 533 diligens,
441 463 622 532 accesserit,
643 461 692 518 vel
712 459 918 530 consuluerit,
936 461 973 530 ¹)
996 456 1171 533 necessita

105 554 219 609 itineris
230 553 292 622 tui,
308 553 401 609 velint
416 553 447 607 in
463 569 532 608 eum
548 568 694 608 exercere
707 551 884 607 charitatem
902 568 966 609 seu
984 553 1091 623 legem
1101 550 1174 607 Citri-

106 644 157 700 tti.
190 641 309 713 Dignus
325 654 372 700 est
388 644 482 711 enim,
499 644 525 700 si
536 659 638 697 meum
654 642 859 698 testimonium
876 641 907 696 in
921 641 1060 699 Christo
1077 641 1176 715 aliquid

107 733 185 806 apud
208 748 265 787 vot
280 733 378 802 valet,
404 733 435 788 in
458 749 519 805 quo
544 731 686 787 Christus
709 731 774 803 ipse
789 729 989 801 honoretur,
1014 742 1052 797 ut
1078 732 1110 788 in
1128 742 1175 789 art

106 822 406 891 membro-minimo.
440 820 536 877 Habet
559 822 638 875 enim
661 835 766 875 musas
793 820 840 875 sui
866 820 995 878 itineris
1021 822 1130 893 dignas
1152 828 1178 875 et

106 910 310 979 necessarias,
336 925 411 983 quas
435 908 564 981 probare
588 909 654 980 ipae
680 925 783 977 cogor.
798 908 832 975 ²)
865 908 980 967 Gratia
1005 910 1125 969 Christi
1146 910 1179 969 t'd

107 1015 177 1055 cum
201 999 341 1055 omnibus
365 998 463 1060 robis.
496 998 594 1055 Darae
617 996 847 1069 Witenbergae,
873 999 905 1054 in
935 999 1052 1072 vigilia
1078 1002 1179 1059 Pente.

109 1102 222 1161 cortes,
239 1104 315 1145 uino
330 1075 525 1159 Mnmv,
541 1104 611 1143 tneo
628 1087 713 1157 cigno
731 1099 762 1145 et
776 1104 866 1143 manu
884 1092 1032 1163 propriis
1048 1092 1178 1150 tectibus.

142 1483 167 1541 t.
182 1479 329 1550 eantur.
837 1482 899 1541 No,
916 1484 1151 1544 MDchttr.

368 1718 373 1727 ,
430 1632 838 1717 usitatissimus.

143 1789 243 1845 ΜΒ
254 1789 289 1838 tir
303 1790 475 1851 carnatium
488 1792 551 1840 dart
563 1792 667 1845 sentire
680 1792 797 1842 turmali
810 1792 848 1838 tc
860 1790 888 1837 tn
902 1791 1026 1845 Glitutd
1039 1796 1147 1854 rursm

379 1867 472 1913 norun
484 1876 548 1916 nort
561 1868 608 1913 urat
621 1866 657 1913 tit
668 1863 897 1917 titomvtitettea.

564 2000 707 2019 m

165 2100 217 2148 aut
229 2102 267 2147 tet
280 2082 491 2152 ednttiidert
504 2101 652 2155 &anniane
664 2110 691 2155 ru
703 2098 830 2159 &inliti
842 2100 883 2151 tta
896 2100 1021 2161 &ditet
1034 2102 1066 2149 n.
1078 2080 1126 2153 sit

409 2175 468 2230 Μ.
483 2175 544 2222 cod.
556 2175 616 2221 liud.
628 2176 674 2225 tlt
687 2173 747 2221 sul.
762 2172 864 2231 Guelplt.
884 2236 890 2243 Ι

142 2303 340 2362 Clarissimo
347 2303 477 2376 fratri,
493 2308 587 2361 Jusro
606 2305 737 2375 Mettio,
754 2306 957 2362 Isenacensis
975 2306 1148 2365 Ecclesiae

305 2396 443 2453 Pastori
450 2396 645 2465 fidelissimo
662 2405 693 2452 et
709 2395 965 2471 diliqentissimo.

112 2515 167 2606 G·
187 2566 216 2617 et
233 2560 269 2617 P.
288 2561 316 2615 in
336 2559 467 2617 Christo.
502 2560 604 2615 Doleo
622 2558 724 2628 valde,
746 2556 786 2612 mi
804 2556 911 2625 Jusre,
935 2574 995 2628 pro
1022 2559 1083 2615 isto
1105 2576 1171 2615 sene

48 2646 51 2651 ’
110 2651 248 2718 Thema,
267 2662 296 2706 et
308 2652 400 2705 multo
412 2651 504 2719 magis
515 2651 608 2705 miror
619 2660 684 2704 tuas
696 2648 928 2714 misericordias,
947 2649 1065 2718 quibus
1079 2650 1171 2704 literas

111 2750 177 2796 tuna
195 2741 362 2813 replevisti,
386 2751 526 2794 ettamen
545 2751 643 2794 vestro
661 2739 794 2793 omnium
813 2740 968 2792 consensu
988 2738 1172 2811 deposuistis

111 2850 192 2887 eum.
226 2832 320 2887 Nolui
338 2831 497 2903 explorare
515 2847 611 2901 neque
633 2831 792 2901 exquirere
811 2843 948 2884 causam:
975 2830 1033 2885 vix
1052 2830 1172 2888 sustinui

111 2923 218 2979 leviter
233 2920 264 2987 ³)
281 2935 416 2977 narrante
435 2921 560 2975 levicula
577 2921 738 2992 quaedam,
757 2930 872 2974 caetera
893 2919 923 2972 in
942 2920 1172 2979 calumniatores

112 3025 140 3067 et
156 3012 392 3066 calumniatrices
417 3011 497 3080 rejici
521 3011 607 3063 facile
625 3009 765 3081 patiebar.
798 3008 889 3064 Plane
911 3006 966 3062 hic
983 3013 1071 3065 nulla
1096 3021 1176 3066 vacat

112 3102 243 3158 conditio
260 3103 362 3156 modo.
398 3098 470 3154 ideo
487 3103 627 3170 tantisper
650 3116 717 3153 eum
736 3098 854 3153 remitto
878 3097 913 3151 ad
931 3099 1059 3170 prolem
1081 3118 1175 3158 suam:

112 3193 202 3247 velim
226 3202 343 3259 tamen,
367 3201 400 3245 ut
423 3192 470 3244 vel
496 3205 535 3244 ex
562 3189 675 3243 aerario
696 3187 871 3254 Ecclesiae,
897 3189 947 3242 vel
971 3193 1176 3265 undecimque

114 3282 223 3353 aliquid
245 3282 319 3352 apud
339 3296 394 3335 vos
419 3281 445 3333 ei
472 3279 500 3332 in
519 3296 622 3333 suanus
640 3288 862 3343 numeraretur,
885 3293 923 3331 ne
951 3277 991 3332 ira
1016 3283 1177 3351 ejiceretur

113 3375 211 3428 nudus
235 3383 262 3425 et
280 3386 379 3440 egens.
415 3368 493 3422 Nam
511 3369 596 3421 facile
615 3368 743 3437 cogitare
765 3376 869 3438 potes,
894 3367 920 3421 ai
944 3384 986 3422 ex
1010 3373 1178 3442 provinciis

114 3477 220 3518 omnes
238 3462 353 3530 ejectos
371 3458 406 3512 ad
418 3458 496 3512 hanc
514 3459 737 3526 egentissimum
755 3457 859 3512 urbem
877 3457 1016 3528 recipere
1033 3462 1179 3519 debemus

114 3554 199 3620 (cum
225 3551 281 3623 ipsi
298 3550 349 3604 vix
365 3548 416 3602 hic
433 3550 562 3614 alamur,
587 3558 617 3600 et
640 3565 656 3600 e
674 3556 775 3601 contra
799 3564 814 3599 a
831 3545 918 3602 nobis
942 3549 981 3602 ad
999 3567 1063 3607 vos
1082 3565 1181 3609 extra.

115 3644 202 3699 deudi
221 3651 337 3706 esseut,
356 3637 464 3710 quibus
476 3635 664 3707 gravamur),
682 3636 752 3706 quid
766 3637 895 3690 futurum
912 3636 972 3693 sit?
1007 3638 1095 3699 Date
1112 3661 1180 3714 ergo

115 3749 256 3806 operam,
280 3743 312 3785 ut
328 3728 436 3784 vestris
453 3727 648 3798 provideatis,
672 3738 701 3781 ct
717 3743 777 3780 uun
794 3741 850 3781 voe
869 3731 1051 3787 exoneretis
1072 3736 1181 3791 vestris

165 3978 225 4032 DC.
240 3980 266 4025 G.
282 3980 297 4031 †
311 3978 343 4023 in.
393 3978 416 4027 2)
431 3975 506 4022 codd.
521 3977 547 4022 ὓ.
563 3972 665 4031 cogitur.
715 3975 739 4023 3)
753 3973 813 4023 Cod.
826 3971 941 4021 teuniter.
