2586 4696
185 280 234 348 30
671 288 761 354 1530.

183 440 261 520 libro
277 441 367 497 Uisici
385 448 489 498 contra
506 424 679 501 Heinrioum
695 444 900 520 zutphaniae,
919 441 947 512 ⁸)
971 442 1090 500 videtur
1104 441 1179 500 mihi
1200 444 1241 500 irs
1274 438 1287 491 ἓ

185 541 215 584 et
230 530 366 601 superbie
383 533 460 602 rapi:
479 548 647 605 quanquam
663 550 727 587 rem
745 534 837 605 ipsam
850 551 909 588 non
927 547 1052 605 possum
1068 533 1143 589 satis
1160 533 1242 591 intel.
1274 544 1287 581 ³?

184 619 292 688 ligere,
318 630 416 675 tamen
433 637 561 692 pugnam
578 622 741 677 verborum
757 623 875 678 videtur
892 638 1026 692 movere.
1060 621 1135 677 Nou
1156 623 1242 683 lando
1275 634 1287 671 ἓ

186 726 255 763 eum
272 709 477 764 Metchiorem
495 726 564 766 cum
580 726 632 767 sua
649 711 754 781 figura:
772 713 843 784 quid
860 712 977 767 dicam?
1001 711 1097 767 homo
1111 713 1175 783 jam
1192 711 1242 768 du.
1277 724 1287 757 1=

186 799 257 852 duan
269 798 390 853 Satanae
402 800 530 854 traditus·
539 811 592 854 est.
628 798 723 857 Vitare
736 817 815 854 eum.
847 799 1070 871 Speculationes
1083 802 1150 873 ejus
1160 817 1241 857 mere
1277 814 1287 852 a

187 890 256 943 'sunt
272 887 429 956 fanaticae,
453 887 570 967 interim
588 887 725 944 Christus
743 889 821 961 perit
843 891 919 960 apud
934 888 1108 960 hujusmodi
1126 892 1242 962 nugige.
1280 890 1287 946 Ξ

186 978 279 1033 ruico.
313 977 437 1033 Caetera
455 994 494 1034 cx
509 977 617 1033 «iacobi
628 978 795 1051 Praepositi
811 978 914 1035 literis.
948 980 1090 1036 salutabis
1106 981 1260 1038 soanen-

188 1068 568 1136 anibos(Amsterdam11m
587 1078 617 1123 et
637 1067 791 1137 i’eizinm).
820 1059 921 1140 Cogor
932 1085 1000 1126 esse
1012 1070 1122 1127 brevis.
1150 1072 1248 1144 Caput

187 1159 315 1213 Joannis
339 1169 459 1212 sextum
484 1157 573 1228 cupio
598 1166 741 1226 tractare,
767 1158 792 1214 si
812 1159 980 1230 permiserit
997 1159 1160 1217 Dominus.
1194 1162 1245 1218 Tu

188 1259 254 1304 esto
272 1247 371 1303 fortis.
405 1247 556 1302 Dominus
573 1248 629 1301 erit
644 1248 821 1317 vobiscum,
843 1260 871 1303 et
886 1249 1083 1304 consolamini
1100 1251 1246 1309 ecclesia

188 1347 316 1392 vestras.
357 1336 416 1392 Ubi
442 1336 564 1390 domum
589 1335 690 1390 saivus
716 1326 849 1405 rediero,
874 1337 959 1409 plura
985 1338 1105 1395 Christo
1127 1340 1246 1395 invente

190 1427 342 1483 iaciemus.
376 1425 480 1482 Gratia
495 1425 556 1481 Dei
573 1424 748 1494 vobiscum,
766 1430 874 1481 Amen.
907 1426 958 1484 Ex
972 1426 1087 1507 Eremo
1106 1432 1130 1485 1.
1145 1429 1245 1498 Junii,

192 1532 269 1571 anno
287 1514 454 1574 MDXXX.

857 1580 898 1637 T.
916 1582 1067 1639 Martinus
1083 1582 1214 1641 Luther.

223 1918 248 1972 2.
266 1911 411 1984 nutias.
962 1913 1021 1971 N0.
1037 1912 1215 1975 Mccxlx.
1244 1954 1254 1969 .

533 2040 582 2108 ni
604 2038 896 2119 natatorius.

425 2181 448 2229 u.
462 2179 513 2226 otti
525 2178 565 2231 io
578 2181 620 2229 ten
633 2179 741 2234 tiniam
754 2180 871 2233 ormam
884 2180 1010 2234 martian.

161 2366 165 2372 ⁵
195 2382 505 2457 'nnsuaaeusnnn
531 2398 700 2447 coelestin.
714 2400 732 2447 1.
745 2403 778 2449 so.
792 2401 815 2447 s.
840 2400 1076 2455 nptcoaaens.
1093 2400 1231 2453 straus

356 2473 521 2520 nutrisset
534 2472 573 2519 n1.
587 2473 605 2519 r.
618 2474 653 2520 az.
677 2473 777 2527 ocutis
791 2475 830 2526 sn
845 2475 934 2525 maio
946 2472 1011 2521 xn.
1024 2476 1083 2523 aas

192 2610 337 2711 Gratiam
356 2664 384 2710 et
402 2671 507 2727 pacem
524 2654 702 2721 incurino.
738 2654 803 2710 Fuit
819 2655 900 2711 ilaus
914 2655 1052 2728 Reynick
1068 2656 1250 2713 aMansieid

192 2757 224 2801 et
240 2745 390 2816 Georgius
406 2746 521 2802 Romer
538 2747 614 2818 apud
631 2760 679 2799 me
696 2744 780 2814 heri,
805 2757 834 2800 et
851 2747 963 2815 Argula
979 2764 996 2801 a
1012 2746 1145 2803 Stauii'en
1161 2746 1250 2805 hodie

194 2837 337 2890 similiter.
370 2833 437 2905 Ego
454 2852 527 2891 vero
544 2851 613 2889 cum
630 2835 762 2903 videam,
789 2835 866 2889 velle
883 2836 976 2891 nimio
993 2835 1019 2903 ¹)
1043 2836 1146 2892 iocum
1168 2836 1249 2893 huuc

97 2954 101 2961 ·
193 2924 393 2997 frequentari,
410 2924 549 2995 exemplo
567 2924 609 2979 tui
628 2924 771 2978 Stromeri
788 2925 875 2979 statui
895 2925 1034 2980 simulare
1050 2927 1099 2981 vei
1117 2927 1200 2983 serio
1214 2926 1249 2983 ad

194 3017 273 3070 diem
296 3015 351 3070 aiio
376 3015 518 3084 migrare,
542 3025 575 3068 nt
598 3030 702 3067 rumor
725 3012 789 3082 fiat,
814 3031 864 3070 me
888 3013 941 3069 hic
964 3016 1097 3088 amplius·
1114 3016 1168 3073 hic
1191 3034 1251 3073 aon

193 3105 313 3161 morari.
348 3104 450 3178 Quare
475 3113 504 3157 et
518 3113 551 3158 tu
569 3119 639 3156 cum
664 3103 720 3157 tuis
742 3104 882 3175 deinceps
908 3106 986 3159 idem
1003 3106 1107 3162 dicatis
1131 3118 1163 3164 et
1179 3105 1251 3163 scri.

194 3195 287 3264 batis,
311 3213 348 3249 ne
371 3211 420 3248 me
445 3194 495 3248 hic
519 3192 646 3264 amplius
671 3206 822 3264 quaerant.
857 3195 925 3250 lloc
942 3196 1006 3265 jam
1032 3196 1061 3250 iu
1088 3199 1251 3255 festinantia

193 3285 322 3341 Joniana
346 3285 398 3339 tibi
415 3283 559 3354 significo.
595 3281 670 3338 Volo
696 3286 773 3337 enim
797 3283 957 3354 abscondi,
981 3286 1124 3357 deinceps
1148 3300 1179 3344 et
1194 3302 1250 3343 vos

196 3377 285 3431 snnui
300 3375 508 3430 absconditum
527 3373 631 3428 habete
648 3374 681 3438 2)
698 3375 726 3428 in
744 3374 845 3430 verbis
864 3372 894 3430 dt
911 3376 1004 3432 literis
1021 3378 1143 3434 vestris.

205 3486 216 3501 ⁹
261 3481 318 3536 Hic
330 3480 417 3536 nobis
430 3478 460 3547 ³)
477 3480 618 3552 incipiunt
630 3481 819 3551 persuadere,
838 3482 957 3536 comitia
968 3495 1066 3561 vestra
1082 3484 1148 3540 fore
1160 3485 1251 3555 inin,

197 3582 227 3629 et
239 3582 282 3628 tot
293 3564 325 3639 ⁴)
342 3571 554 3642 episcoporum
566 3569 642 3625 dolis
655 3580 684 3624 et
696 3569 813 3626 technis
826 3571 981 3627 Caesarem
996 3574 1138 3644 distrahi,
1156 3576 1254 3632 donec

207 3718 210 3727 ¹
246 3736 648 3795 t)coel.niminm,oiotveile.
697 3737 817 3788 Moci.
834 3740 990 3788 absconditos
1003 3741 1100 3790 hahere.
1150 3743 1250 3799 diam

198 3814 280 3861 coel.
305 3814 366 3862 unt
378 3822 432 3858 nos.
480 3813 504 3863 t)
520 3809 601 3857 coel.
616 3822 644 3856 ac
657 3810 714 3864 aiut
728 3813 773 3858 tot.

200 3909 425 3938 ,......-....

247 3971 269 4020 ⁸)
290 3966 373 4023 &tritt
387 3964 453 4016 aisti
465 3962 493 4018 tn
506 3964 553 4013 mis
568 3964 630 4018 utut
642 3965 749 4015 teiannt.

72 4306 282 4426 A
