2586 4696
107 297 171 367 602
602 298 696 373 ,amn

108 452 229 511 etmihi
247 455 503 528 persuasissimum
521 455 575 524 sit,
592 457 618 519 ¹)
636 466 679 524 tu,
695 455 722 518 ²)
740 453 766 511 si
782 453 836 509 hic
853 468 969 525 esses,
988 455 1094 513 minas
1108 455 1174 511 terre

82 604 85 609 ,
109 560 219 617 posses
238 557 409 601 nostrorum
427 557 522 614 artes,
538 544 570 610 3)
594 562 681 616 quam
698 545 787 601 isthic
804 546 899 602 unius
918 539 957 614 ⁴)
979 545 1118 603 bominis
1133 547 1177 601 ita.

110 635 333 707 portunitatem.
367 635 490 703 Cogito,
511 637 571 690 imo
589 629 620 693 ⁵)
645 646 744 693 certus
768 651 853 697 stem,
879 650 1038 707 papatum
1059 653 1126 692 esse
1140 651 1178 690 re.

77 738 85 773 ·.
111 740 201 794 gnum
218 724 339 780 Diaboli
358 742 412 797 per
428 725 502 780 irem
515 725 576 779 Dei
594 724 624 778 in
641 723 746 778 orbem
762 717 789 786 6)
808 725 954 779 missum.
994 726 1058 783 Sed
1076 726 1177 781 nullam

111 829 237 883 regnum
258 814 353 887 aptius
377 815 431 869 fuit
452 815 574 869 mundo.
609 811 668 875 Die
684 812 763 874 terit
780 811 839 871 utu
855 806 888 881 ⁷)
914 814 974 874 ten
999 814 1109 884 testei
1128 827 1177 887 tt!

112 900 302 973 Uttt‘behttt.
335 901 430 959 Video
451 918 531 979 nunc
555 920 678 971 causes,
700 918 755 958 cur
777 903 867 957 Deus
892 905 1083 974 permiserit
1105 907 1178 961 istm

112 990 363 1049 abominationem
387 1009 510 1061 surgere
534 1003 565 1048 et
592 992 713 1050 exaltari
738 1008 830 1073 super
859 1008 995 1050 omnem
1022 987 1181 1061 Deumzlt

113 1080 158 1157 bit
175 1081 348 1149 tutttnttt
370 1080 398 1149 {a
421 1082 517 1147 belot.
550 1083 591 1139 Et
614 1091 784 1153 coegerunt¹
798 1080 984 1157 Episcopos
1010 1085 1089 1141 clim
1111 1084 1180 1155 copi.

112 1181 177 1229 tere
193 1165 224 1238 9)
235 1173 278 1227 ele
295 1173 448 1245 tyrannide
465 1173 676 1245 opprimenda,
695 1173 747 1228 sed
763 1173 852 1231 nimis
870 1174 910 1238 1ἱ)
928 1173 1102 1232 horrentis
1117 1191 1181 1233 coa-

112 1262 198 1321 siliis.
232 1262 312 1318 Nam
329 1264 399 1318 dum
414 1264 575 1319 voluerunt
592 1275 733 1336 tyrannos
751 1279 880 1333 cogere,
906 1264 1008 1321 simul
1027 1282 1181 1341 oppresse.

114 1362 185 1407 runt
210 1351 380 1407 Ecclesiam
407 1352 479 1407 Dei.
518 1352 610 1408 Nunc
635 1355 742 1409 iterum
768 1354 901 1424 tyrannis
926 1355 1054 1428 coepit,
1091 1356 1180 1425 et,ti

112 1439 203 1498 Deus
222 1441 422 1512 permitteret,
447 1453 637 1511 resurgerent
653 1441 689 1510 ¹²)
711 1442 817 1497 iterum
833 1442 989 1512 spiritus,
1012 1446 1067 1518 qui
1091 1456 1180 1519 tyran.

112 1546 172 1586 nos
190 1531 303 1585 eisdem
320 1531 358 1595 ¹²)
381 1531 493 1587 catenis
511 1531 651 1602 ligarent,
674 1531 782 1603 quibus
798 1541 828 1586 et
844 1528 886 1598 13)
904 1531 1098 1591 Pontifices.
1129 1534 1178 1590 set

114 1629 172 1691 ego
188 1637 249 1676 non
267 1636 320 1675 ero
338 1621 367 1675 in
385 1620 510 1677 consilio
523 1616 563 1686 ¹⁵)
580 1623 697 1675 talium:
714 1622 766 1676 sed
781 1621 931 1694 particeps
947 1626 1009 1679 er'o
1022 1617 1064 1693 ¹⁵)
1081 1625 1179 1680 timeo.

38 1708 41 1715 ’
114 1711 191 1766 tium
207 1711 327 1779 Deum,
351 1711 520 1783 patientium
540 1721 568 1765 et
584 1722 681 1766 morte
698 1714 871 1783 punitorum
890 1712 1002 1782 potius
1011 1754 1022 1782 ,
1046 1730 1136 1786 quam
1151 1724 1179 1769 ut

115 1816 239 1872 regnum
261 1802 318 1855 tale
342 1802 493 1868 affectem,
508 1792 546 1864 16)
572 1800 640 1871 quia
664 1795 786 1870 regnum
809 1809 954 1854 nostrum
981 1813 1034 1858 est
1053 1818 1176 1858 sursum.

115 1888 198 1947 naeu
214 1889 332 1955 scribo,
354 1902 385 1943 ut
402 1890 563 1961 significem
581 1889 633 1945 tibi
648 1905 702 1944 cor
720 1904 836 1956 meum,
860 1890 945 1960 quod
966 1902 1018 1946 est
1035 1891 1117 1948 sicut
1131 1906 1178 1946 cor

115 1980 217 2041 thum,
234 1980 351 2034 scilicet
363 1972 402 2045 17)
420 1997 457 2034 ne
475 1980 594 2033 deseres
610 1978 776 2033 Ecclesiam
793 1976 888 2033 istam.
923 1978 1039 2050 Cogita
1055 1981 1176 2036 verbum

115 2069 186 2131 illud
198 2069 282 2125 Peuli
295 2071 323 2123 in
336 2069 492 2140 epigraphe
505 2070 539 2122 ed
552 2069 665 2125 Titum.
679 2061 718 2133 ¹⁸)
752 2067 934 2122 necandum
942 2069 1058 2136 fidem
1070 2071 1175 2126 electo·

116 2176 190 2215 rum
199 2159 275 2215 Dei:
293 2158 412 2214 etalibi:
432 2158 549 2214 omnia
557 2165 694 2231 propter
704 2156 833 2212 electos:
849 2157 909 2214 bos
920 2176 1043 2230 quaeso
1053 2161 1175 2233 respice,

116 2260 148 2306 et
164 2258 319 2304 contemne
334 2265 440 2303 omnes
453 2248 526 2304 alios
539 2249 688 2305 homines.
721 2246 863 2302 Minister
874 2248 1051 2306 electorum
1064 2251 1174 2316 Deles,

116 2350 147 2399 et
164 2339 369 2409 spectaculum
387 2338 584 2408 reproborum
596 2339 673 2395 Deir
692 2338 761 2410 quid
780 2337 815 2391 ed
831 2353 905 2405 nos,
925 2355 991 2408 quo
1011 2341 1120 2397 abeant
1134 2357 1175 2394 re.

115 2430 222 2505 probi,
247 2429 409 2484 dummodo
433 2430 533 2484 electis
558 2439 586 2482 et
603 2414 730 2485 minimis
749 2427 885 2482 tratribus
904 2428 1025 2485 Christi
1044 2428 1175 2487 servieri-

116 2539 195 2578 mus.
212 2513 252 2587 19)
286 2520 342 2575 Fer
358 2520 461 2588 igitur,
480 2520 518 2573 mi
532 2518 731 2586 wencestae,
750 2529 889 2589 quantum
905 2530 1016 2588 potes,
1037 2522 1066 2575 in
1083 2521 1173 2575 linem.

115 2612 156 2669 Et
167 2611 209 2678 ²⁰)
227 2610 361 2684 quamvis
378 2609 476 2664 nullus
495 2614 533 2664 sit
550 2607 639 2662 hodie
657 2608 766 2675 homo,
778 2608 820 2666 ²¹)
838 2623 929 2678 quem
943 2608 1093 2666 libentius
1107 2610 1173 2682 apud

116 2720 165 2759 me
187 2702 348 2768 haberem,
374 2718 433 2755 non
458 2699 555 2753 solum
581 2698 691 2752 veteris
714 2698 901 2751 fraternitatis
929 2701 1044 2767 gratia,
1063 2703 1106 2768 22)
1128 2701 1172 2756 setl

117 2793 203 2859 etiam
221 2791 299 2862 quod
318 2802 347 2844 te
365 2789 586 2843 consolatorem
609 2797 638 2840 et
662 2787 759 2840 virum
783 2786 888 2860 fiducia
911 2790 1042 2856 plenum
1063 2806 1174 2861 semper

115 2881 221 2948 habui,
249 2880 322 2935 etin
341 2890 437 2933 morte
458 2893 523 2930 mea
545 2876 749 2931 lubentissime
773 2891 874 2929 coram
896 2876 1059 2947 viderem,
1086 2880 1173 2952 potius

117 2981 213 3025 temen
233 2969 412 3042 posthabere.
425 2969 495 3021 volo
508 2983 572 3020 mea
585 2967 682 3033 lucre,
699 2982 787 3035 quam
800 2966 900 3019 uidere
914 2966 1005 3021 istius
1019 2969 1174 3025 Ecclesiae

117 3061 231 3114 damna.
266 3059 343 3132 Quis
360 3058 433 3124 scit,
451 3074 541 3128 quem
559 3056 688 3108 fructum
703 3056 789 3108 Deus
808 3071 845 3108 ex
861 3055 914 3109 ista
929 3060 1101 3115 tentatione
1115 3076 1175 3114 eve.

116 3151 181 3207 nire
197 3150 289 3204 velit?
323 3149 391 3220 lpse
415 3148 483 3201 lecit
506 3148 603 3200 cannia
628 3161 668 3200 ex
692 3145 905 3212 invisibilibus,
931 3163 973 3201 ex
996 3149 1118 3220 nihilo,
1142 3162 1175 3204 ex

167 3391 186 3438 1)
200 3386 261 3437 <liudi
275 3382 747 3442 hinNop.-AhpersuarissimusaIm,
796 3384 1001 3434 tinente-tu.
1057 3391 1083 3439 3)
1099 3388 1174 3435 Meli

117 3463 202 3508 attunt.
246 3462 268 3511 1)
282 3460 364 3505 MsN.
378 3459 455 3511 hujus.
501 3459 686 3508 trutannus.
735 3461 755 3507 6)
769 3457 850 3504 le.N.
865 3458 1051 3506 inobedientes.
1101 3465 1176 3514 niis.

115 3535 145 3583 N.
163 3537 177 3587 ‘t
196 3536 272 3586 tantu.
320 3537 342 3583 δ)
363 3533 407 3578 atr.
418 3531 444 3576 N.
464 3530 603 3587 promiserit
621 3557 646 3566 —
661 3556 687 3567 -
703 3533 862 3576 surrecturum
881 3532 966 3582 (anti)
989 3544 1070 3590 super
1089 3548 1177 3581 omnes

116 3611 139 3659 9)
157 3609 201 3655 Mu.
211 3609 238 3653 N.
253 3606 387 3663 cogitarunt
402 3604 523 3662 Episcopi.
574 3609 606 3653 10)
620 3605 684 3654 eet.
696 3604 780 3648 minus.
832 3608 863 3655 11)
884 3604 965 3647 nteit.
983 3609 1132 3662 permittet,
1146 3622 1179 3656 re·¹

117 3685 223 3739 surgent.
270 3679 443 3728 lltlils.N.iis
496 3678 707 3726 astutam-et.
757 3676 1176 3729 tttllsn.norreoinronsilinn

116 3760 151 3808 15)
164 3757 208 3800 alls.
219 3756 247 3800 N.
260 3767 318 3801 sum.
369 3757 401 3803 16)
419 3752 463 3796 atr.
474 3751 500 3796 N.
520 3751 542 3796 in
558 3755 649 3804 ntorte,
664 3749 799 3807 puniturum
813 3750 893 3806 potius
907 3762 977 3807 qrram
993 3754 1178 3803 sublevaturum

116 3831 284 3887 ateramum.
322 3829 355 3877 17)
369 3826 514 3873 Ms.N.sed.
554 3829 585 3877 18)
600 3825 682 3869 MsN.
697 3823 1045 3874 vernunsrautiaeritum.
1090 3836 1123 3883 19)
1136 3833 1178 3878 Mt.

117 3903 145 3949 N.
159 3905 299 3950 serviamus.
344 3904 381 3955 10)
393 3900 556 3946 ritate-et.
602 3902 636 3949 21)
649 3898 732 3946 hltN.
745 3910 839 3954 quamv.
853 3896 885 3941 sit
898 3909 922 3942 rt.
934 3896 959 3943 h.
971 3900 1035 3952 jam.
1085 3906 1178 3959 wells.

117 3975 237 4022 lhcausa.
