2586 4696
551 297 641 364 15³⁰·
1061 294 1124 363 21³

58 403 213 508 Gratiam
231 460 263 510 et
278 467 385 527 paoem
402 472 418 511 a
433 452 580 513 Domino.
614 455 699 512 Nihil
716 454 814 528 minua
834 454 946 523 sentin,
969 452 1010 509 mi
1026 452 1125 525 Spah-

56 545 142 611 tine‚
168 561 263 615 qnam
281 548 409 617 privatas
425 548 532 603 missas
551 547 670 603 retineri
689 548 814 615 debere,
837 563 1017 618 quocunque
1035 545 1125 599 etiam

56 635 196 689 nomine.
233 636 264 691 Si
282 636 354 690 boni
371 647 456 705 aunt,
477 638 529 710 qui
547 639 704 707 gratiarum
721 639 845 692 actionis
866 655 954 691 causa
972 637 1083 690 dictent
1097 635 1124 702 ¹)

58 725 237 780 retinendas
248 741 316 781 esse
323 765 334 796 ,
351 736 501 783 tentantur
512 714 740 797 cbgitatiouibua
751 727 926 782 carnalibus.
954 725 1128 783 Gratiarum

57 815 172 869 actioni
190 814 282 871 iocus
299 816 414 871 abunde
430 830 477 872 est
494 817 524 871 in
538 818 628 872 missa
642 818 775 888 publica,
793 818 898 872 deinde
917 818 941 872 si
953 818 1019 889 quis
1031 817 1125 885 volet,

59 905 86 960 iu
102 905 192 960 omni
211 921 322 977 opere,
341 917 494 976 tempore,
511 906 600 975 loco,
618 918 728 962 utnon
746 907 784 961 ait
801 908 912 978 privata
929 907 1021 961 missa
1039 920 1127 977 opus.

58 992 114 1049 Est
130 994 223 1050 euim
240 995 409 1066 periculum
426 1007 455 1049 et
472 995 661 1063 scandalum,
684 995 799 1051 etiamsi
819 997 934 1064 optimo
952 996 1044 1050 corde
1062 1011 1127 1049 ser.

59 1093 203 1151 veretur,
224 1067 303 1138 sicu't
320 1085 377 1139 suit
392 1083 503 1156 Ephod
521 1085 686 1141 Gedeoms.
723 1084 858 1155 itemque
875 1084 907 1150 ²)
929 1085 1068 1140 Christus
1085 1084 1129 1139 itt·

59 1175 151 1230 nituit
171 1174 299 1228 misaam
318 1173 483 1244 publicam,
502 1183 530 1229 et
548 1175 645 1229 omnia
662 1174 754 1229 verba
771 1185 838 1229 sunt
855 1174 976 1246 pluralis
995 1173 1130 1242 numeri,

60 1265 90 1329 ad
107 1263 293 1318 Ecclesiam
311 1264 424 1334 prolata
442 1277 472 1318 et
489 1264 607 1318 directa.
644 1263 714 1318 Non
727 1265 798 1318 sutis
811 1275 856 1317 est
874 1264 986 1318 dicere:
1012 1264 1130 1318 Bonam

60 1353 160 1409 babeo
178 1347 394 1408 intentionem:
417 1363 535 1430 oportet
557 1354 671 1410 dicere:
695 1354 798 1408 Habeo
814 1354 940 1408 verbum
956 1354 1034 1422 Dei,
1060 1354 1131 1426 quia

58 1445 227 1513 gntiamm
250 1443 329 1497 actio
352 1452 383 1497 et
406 1445 503 1497 cuitus
521 1443 581 1497 Dei
599 1459 696 1497 novtts
719 1444 783 1498 sine
801 1443 896 1498 verbo
919 1461 981 1498 non
1004 1453 1051 1499 eat
1073 1443 1132 1499 eri.

60 1534 195 1604 pendam,
222 1544 257 1585 ut
274 1546 363 1602 saepe
381 1531 550 1586 docuimus:
574 1543 696 1603 oportet
714 1533 791 1586 enim
810 1549 866 1586 nos
883 1529 915 1598 ³)
938 1550 1006 1587 esse
1028 1543 1138 1599 certos!

61 1629 93 1680 de
111 1642 216 1696 opere
234 1639 305 1692 erga
319 1626 420 1678 Deum
437 1627 619 1679 exercendo.
653 1624 767 1678 Eadem
782 1625 891 1678 ratione
905 1625 1032 1679 dixeris:
1050 1625 1131 1685 Volo

61 1714 245 1770 monachari
264 1730 319 1784 pro
332 1714 490 1782 gratiarum
508 1715 635 1768 actione.
669 1715 730 1766 Cur
747 1714 775 1767 id
789 1730 846 1768 non
859 1716 937 1770 iacis
955 1717 1017 1770 sine
1030 1732 1132 1771 mona.

63 1807 175 1860 chatra?
215 1802 364 1877 Quamvis
387 1803 424 1856 de
441 1803 623 1857 monachatu
640 1804 852 1874 permitterem.
886 1804 944 1858 Sed
965 1805 1083 1875 quando
1099 1796 1133 1870 ⁴)

62 1906 148 1967 putas
166 1895 292 1948 futuros
310 1894 383 1946 talea
395 1893 581 1961 monachos,
600 1903 629 1947 et
645 1893 807 1962 quamdin?
842 1892 913 1948 Non
927 1906 972 1948 eat
984 1893 1134 1951 humanae

64 1996 188 2040 naturae
206 1975 240 2047 ⁵)
263 1983 366 2037 Deum
382 1983 425 2036 aio
443 1982 582 2052 diligere,
596 1977 635 2036 'ut
652 1983 831 2037 monachatu
848 1995 898 2038 aut
914 1984 1004 2038 missa
1021 1984 1134 2062 privata

65 2076 160 2129 solam
168 2067 199 2139 ⁶)
212 2063 392 2142 quaeranti)
404 2072 560 2141 gratiarum
572 2073 732 2126 actionem:
751 2072 810 2126 hoc
821 2088 954 2128 summae
962 2074 1071 2143 gratiae
1078 2074 1134 2132 vix

65 2166 163 2221 tuerit.
194 2162 318 2217 Deinde
340 2162 449 2216 missae
465 2154 498 2227 8)
523 2170 552 2215 et
569 2161 764 2216 monachatus
783 2162 846 2232 jam
870 2164 994 2217 damnati
1013 2173 1083 2219 sunt
1098 2156 1133 2230 ⁹)

65 2266 193 2326 propter
211 2252 351 2306 abusum:
370 2251 436 2305 ideo
454 2268 517 2315 non
533 2260 579 2304 est
596 2249 639 2304 eis
658 2250 740 2304 venia
759 2251 868 2320 danda,
886 2262 918 2306 ut
936 2253 1033 2307 denuo
1051 2252 1133 2308 revi.

66 2346 191 2400 siccant.
229 2341 326 2395 Semel
349 2340 446 2395 maius
473 2355 593 2410 semper
617 2340 813 2409 praesumitur
836 2342 942 2396 maius.
977 2341 1033 2402 OEin
1057 2340 1132 2402 mitt

66 2435 182 2504 tttptub
197 2429 294 2496 Μαι
312 2433 381 2487 itttn
398 2442 433 2486 dtt
446 2429 565 2497 Quinta.
599 2427 666 2483 Nec
683 2429 762 2484 nllus
775 2431 842 2501 pius
862 2446 901 2486 ex
920 2432 1016 2486 animo
1032 2441 1133 2503 potest

67 2529 189 2580 missam
203 2522 347 2594 privatam
361 2521 504 2592 probare,
524 2530 754 2590 quantocunque
771 2522 889 2574 nomine
903 2521 1081 2576 celebretur.
1096 2525 1131 2591 ¹⁰)

126 2642 182 2696 De
203 2636 410 2693 traditionibus
428 2635 534 2705 scripsi
551 2636 587 2690 ad
606 2633 651 2689 M.
672 2634 858 2706 Philippum,
884 2637 988 2689 deinde
1015 2637 1044 2690 in
1062 2655 1133 2709 pro.

69 2729 271 2802 positionibus
283 2726 310 2792 ⁸)
329 2725 476 2796 inquibus
495 2724 652 2779 adversarii
671 2723 793 2778 infinitas
814 2724 963 2779 invenient
974 2725 1130 2799 haereses,

67 2824 114 2877 sed
141 2832 173 2875 et
190 2816 460 2882 contradictiones,
484 2816 552 2884 quia
570 2823 637 2868 sunt
654 2814 738 2867 vaide
764 2815 841 2869 acuti
860 2814 1021 2884 dialectici,
1047 2835 1132 2888 prae.

68 2911 168 2964 sertim
194 2906 314 2978 quando
339 2917 498 2958 versantur
524 2915 607 2957 extra
638 2903 683 2956 itta
710 2903 864 2974 exempla:
896 2904 996 2959 Homo
1021 2908 1130 2977 currit,

68 2999 150 3055 Plato
164 2997 292 3063 munit,
311 3010 385 3065 quae
404 2995 466 3048 sola
482 2991 658 3046 didicerunt.
693 2992 844 3048 Dominus
856 2992 948 3048 desua
962 2997 1001 3049 sit
1018 3007 1129 3066 tecum,

68 3105 178 3145 etcum
197 3085 338 3141 omnibus
350 3083 457 3151 vebia,
476 3086 584 3138 Anten-
615 3081 665 3136 Ex
675 3081 789 3138 Eremo
806 3084 876 3138 feria
892 3083 918 3139 4.
932 3097 1000 3156 post
1011 3087 1130 3155 Jacobi,

69 3198 142 3236 tuno
161 3176 334 3235 MDxxx.

733 3310 740 3321 ,
799 3250 947 3319 Martinus
964 3264 1093 3324 Luther.

114 3514 338 3569 nilotidiceut.
388 3512 641 3570 uitandumque.
691 3513 859 3560 3)C.·-nus.
907 3513 1125 3572 tracquata·

69 3590 207 3642 suarides.
244 3585 588 3642 5)C.potentiaehumauae.
625 3588 647 3636 6)
662 3587 690 3631 Α.
705 3585 790 3632 auium.
834 3588 857 3636 1)
873 3585 898 3631 C.
912 3591 1078 3642 quaeram)
1092 3591 1124 3633 Α.

70 3676 118 3710 eunt
131 3664 216 3709 hiim.
265 3664 288 3710 1)
304 3660 446 3705 deridunt.
499 3664 530 3713 tut
544 3660 583 3708 eu
596 3661 651 3706 weit
667 3659 747 3706 Coei,

113 3897 139 3951 a,
154 3895 245 3950 wide
257 3892 362 3945 dentati
374 3893 398 3947 sa
412 3893 510 3944 martin
525 3894 609 3947 tutin
622 3895 726 3946 irtuttnt
739 3894 789 3940 uttt
802 3893 874 3940 niun
887 3891 923 3939 uit
935 3887 1123 3948 remeunt·

70 3971 144 4024 10111.
158 3972 249 4019 tmi-
275 3967 605 4020 enumerationum.
631 3968 694 4014 Jeu.
708 3967 726 4016 1.
741 3969 788 4017 356.
815 3967 909 4016 wald
923 3965 988 4014 xta.
1005 3968 1059 4014 ¹¹90.

146 4049 220 4131 ἴω.
240 4043 301 4121 1V.
900 4052 919 4108 ⁸
