<?xml version="1.0" encoding="UTF-8"?>
<!DOCTYPE html PUBLIC "-//W3C//DTD XHTML 1.0 Transitional//EN"
    "http://www.w3.org/TR/xhtml1/DTD/xhtml1-transitional.dtd">
<html xmlns="http://www.w3.org/1999/xhtml" xml:lang="en" lang="en">
 <head>
  <title>
</title>
<meta http-equiv="Content-Type" content="text/html;charset=utf-8" />
  <meta name='ocr-system' content='tesseract 3.04.00' />
  <meta name='ocr-capabilities' content='ocr_page ocr_carea ocr_par ocr_line ocrx_word'/>
</head>
<body>
  <div class='ocr_page' id='page_1' title='image "./briefesendschre00luthgoog_0192.png"; bbox 0 0 2586 4696; ppageno 0'>
   <div class='ocr_carea' id='block_1_1' title="bbox 538 312 1118 384">
    <p class='ocr_par' dir='ltr' id='par_1_1' title="bbox 538 312 1118 384">
     <span class='ocr_line' id='line_1_1' title="bbox 538 312 1118 384; baseline -0.002 -3"><span class='ocrx_word' id='word_1_1' title='bbox 538 314 630 384; x_wconf 74' lang='lat'><strong>1530.</strong></span> <span class='ocrx_word' id='word_1_2' title='bbox 1056 312 1118 380; x_wconf 72' lang='lat'><strong>165</strong></span> 
     </span>
    </p>
   </div>
   <div class='ocr_carea' id='block_1_2' title="bbox 15 468 1127 2174">
    <p class='ocr_par' dir='ltr' id='par_1_2' title="bbox 15 468 1127 2174">
     <span class='ocr_line' id='line_1_2' title="bbox 59 468 1120 542; baseline 0.006 -13"><span class='ocrx_word' id='word_1_3' title='bbox 59 488 75 529; x_wconf 82' lang='lat' dir='ltr'><strong>a</strong></span> <span class='ocrx_word' id='word_1_4' title='bbox 89 468 184 530; x_wconf 83' lang='lat' dir='ltr'><strong>nobis</strong></span> <span class='ocrx_word' id='word_1_5' title='bbox 200 472 373 530; x_wconf 66' lang='lat' dir='ltr'><strong>noeesmria</strong></span> <span class='ocrx_word' id='word_1_6' title='bbox 387 479 552 542; x_wconf 75' lang='lat' dir='ltr'><strong>assentur,</strong></span> <span class='ocrx_word' id='word_1_7' title='bbox 568 473 699 530; x_wconf 88' lang='lat' dir='ltr'><strong>damnari</strong></span> <span class='ocrx_word' id='word_1_8' title='bbox 711 491 727 529; x_wconf 86' lang='lat' dir='ltr'><strong>a</strong></span> <span class='ocrx_word' id='word_1_9' title='bbox 742 473 831 531; x_wconf 87' lang='lat' dir='ltr'><strong>nobis</strong></span> <span class='ocrx_word' id='word_1_10' title='bbox 844 482 935 533; x_wconf 85' lang='lat' dir='ltr'><strong>totam</strong></span> <span class='ocrx_word' id='word_1_11' title='bbox 946 473 1120 535; x_wconf 74' lang='lat' dir='ltr'><strong>Ecclesiam</strong></span> 
     </span>
     <span class='ocr_line' id='line_1_3' title="bbox 59 562 1121 637; baseline 0.003 -18"><span class='ocrx_word' id='word_1_12' title='bbox 59 563 221 637; x_wconf 83' lang='lat' dir='ltr'><strong>ipsumque</strong></span> <span class='ocrx_word' id='word_1_13' title='bbox 236 564 419 620; x_wconf 48' lang='lat' dir='ltr'><strong>mestrem,</strong></span> <span class='ocrx_word' id='word_1_14' title='bbox 439 564 548 619; x_wconf 83' lang='lat' dir='ltr'>Miseri</span> <span class='ocrx_word' id='word_1_15' title='bbox 564 562 626 620; x_wconf 91' lang='lat' dir='ltr'><strong>hoc</strong></span> <span class='ocrx_word' id='word_1_16' title='bbox 643 565 761 621; x_wconf 80' lang='lat' dir='ltr'><strong>tandem</strong></span> <span class='ocrx_word' id='word_1_17' title='bbox 777 565 889 621; x_wconf 87' lang='lat' dir='ltr'><strong>habent</strong></span> <span class='ocrx_word' id='word_1_18' title='bbox 906 566 1064 634; x_wconf 89' lang='lat' dir='ltr'><strong>ultimum,</strong></span> <span class='ocrx_word' id='word_1_19' title='bbox 1088 573 1121 623; x_wconf 86' lang='lat' dir='ltr'><strong>ut</strong></span> 
     </span>
     <span class='ocr_line' id='line_1_4' title="bbox 60 654 1119 729; baseline 0 -19"><span class='ocrx_word' id='word_1_20' title='bbox 60 655 190 711; x_wconf 63' lang='lat' dir='ltr'><strong>&amp;essse</strong></span> <span class='ocrx_word' id='word_1_21' title='bbox 208 664 372 727; x_wconf 78' lang='lat' dir='ltr'>praesente</span> <span class='ocrx_word' id='word_1_22' title='bbox 383 656 564 710; x_wconf 81' lang='lat' dir='ltr'><strong>cavillentur.</strong></span> <span class='ocrx_word' id='word_1_23' title='bbox 577 654 604 721; x_wconf 81' lang='lat'><strong>¹)</strong></span> <span class='ocrx_word' id='word_1_24' title='bbox 635 655 790 724; x_wconf 82' lang='lat' dir='ltr'><strong>Obsecro,</strong></span> <span class='ocrx_word' id='word_1_25' title='bbox 808 655 940 711; x_wconf 86' lang='lat' dir='ltr'><strong>sinamus</strong></span> <span class='ocrx_word' id='word_1_26' title='bbox 959 657 1026 729; x_wconf 84' lang='lat' dir='ltr'><strong>illos</strong></span> <span class='ocrx_word' id='word_1_27' title='bbox 1040 656 1119 711; x_wconf 86' lang='lat' dir='ltr'><strong>abuti</strong></span> 
     </span>
     <span class='ocr_line' id='line_1_5' title="bbox 19 744 1121 818; baseline -0.001 -19"><span class='ocrx_word' id='word_1_28' title='bbox 19 756 22 769; x_wconf 86' lang='lat'><strong>¹</strong></span> <span class='ocrx_word' id='word_1_29' title='bbox 61 760 129 801; x_wconf 83' lang='lat' dir='ltr'><strong>cum</strong></span> <span class='ocrx_word' id='word_1_30' title='bbox 145 744 256 801; x_wconf 85' lang='lat' dir='ltr'><strong>lidueia</strong></span> <span class='ocrx_word' id='word_1_31' title='bbox 273 745 399 800; x_wconf 83' lang='lat' dir='ltr'><strong>Caesare</strong></span> <span class='ocrx_word' id='word_1_32' title='bbox 415 744 587 815; x_wconf 90' lang='lat' dir='ltr'><strong>hujusmodi</strong></span> <span class='ocrx_word' id='word_1_33' title='bbox 605 747 707 815; x_wconf 83' lang='lat' dir='ltr'><strong>nugis,</strong></span> <span class='ocrx_word' id='word_1_34' title='bbox 733 745 839 818; x_wconf 89' lang='lat' dir='ltr'><strong>quibus</strong></span> <span class='ocrx_word' id='word_1_35' title='bbox 855 747 934 801; x_wconf 88' lang='lat' dir='ltr'><strong>serio</strong></span> <span class='ocrx_word' id='word_1_36' title='bbox 951 747 1033 801; x_wconf 85' lang='lat' dir='ltr'><strong>illurn</strong></span> <span class='ocrx_word' id='word_1_37' title='bbox 1052 763 1121 817; x_wconf 85' lang='lat' dir='ltr'><strong>pro.</strong></span> 
     </span>
     <span class='ocr_line' id='line_1_6' title="bbox 61 835 1120 915; baseline -0.001 -22"><span class='ocrx_word' id='word_1_38' title='bbox 61 848 190 915; x_wconf 72' lang='lat' dir='ltr'><strong>rocam,</strong></span> <span class='ocrx_word' id='word_1_39' title='bbox 208 835 261 908; x_wconf 87' lang='lat' dir='ltr'><strong>qui</strong></span> <span class='ocrx_word' id='word_1_40' title='bbox 273 835 338 906; x_wconf 85' lang='lat' dir='ltr'><strong>jam</strong></span> <span class='ocrx_word' id='word_1_41' title='bbox 355 835 386 890; x_wconf 91' lang='lat' dir='ltr'><strong>in</strong></span> <span class='ocrx_word' id='word_1_42' title='bbox 402 835 492 890; x_wconf 90' lang='lat' dir='ltr'><strong>coelo</strong></span> <span class='ocrx_word' id='word_1_43' title='bbox 509 851 612 891; x_wconf 88' lang='lat' dir='ltr'><strong>arcum</strong></span> <span class='ocrx_word' id='word_1_44' title='bbox 630 851 718 890; x_wconf 88' lang='lat' dir='ltr'><strong>suurn</strong></span> <span class='ocrx_word' id='word_1_45' title='bbox 735 836 872 905; x_wconf 86' lang='lat' dir='ltr'><strong>tetendit,</strong></span> <span class='ocrx_word' id='word_1_46' title='bbox 898 846 927 891; x_wconf 90' lang='lat' dir='ltr'><strong>et</strong></span> <span class='ocrx_word' id='word_1_47' title='bbox 945 853 1034 909; x_wconf 87' lang='lat' dir='ltr'><strong>super</strong></span> <span class='ocrx_word' id='word_1_48' title='bbox 1051 853 1120 893; x_wconf 83' lang='lat' dir='ltr'><strong>eum</strong></span> 
     </span>
     <span class='ocr_line' id='line_1_7' title="bbox 62 924 1122 999; baseline -0.004 -17"><span class='ocrx_word' id='word_1_49' title='bbox 62 926 176 998; x_wconf 81' lang='lat' dir='ltr'><strong>paravit</strong></span> <span class='ocrx_word' id='word_1_50' title='bbox 192 941 264 981; x_wconf 84' lang='lat' dir='ltr'><strong>vasa</strong></span> <span class='ocrx_word' id='word_1_51' title='bbox 281 925 396 981; x_wconf 85' lang='lat' dir='ltr'><strong>mortis.</strong></span> <span class='ocrx_word' id='word_1_52' title='bbox 429 924 477 980; x_wconf 82' lang='lat' dir='ltr'><strong>Sis</strong></span> <span class='ocrx_word' id='word_1_53' title='bbox 494 925 580 981; x_wconf 88' lang='lat' dir='ltr'><strong>etiam</strong></span> <span class='ocrx_word' id='word_1_54' title='bbox 593 924 712 981; x_wconf 88' lang='lat' dir='ltr'><strong>Turcae</strong></span> <span class='ocrx_word' id='word_1_55' title='bbox 728 925 889 999; x_wconf 87' lang='lat' dir='ltr'><strong>disputant:</strong></span> <span class='ocrx_word' id='word_1_56' title='bbox 908 944 967 981; x_wconf 90' lang='lat' dir='ltr'><strong>non</strong></span> <span class='ocrx_word' id='word_1_57' title='bbox 981 937 1027 981; x_wconf 88' lang='lat' dir='ltr'><strong>est</strong></span> <span class='ocrx_word' id='word_1_58' title='bbox 1038 943 1122 998; x_wconf 85' lang='lat' dir='ltr'><strong>prae.</strong></span> 
     </span>
     <span class='ocr_line' id='line_1_8' title="bbox 17 1000 1122 1088; baseline -0.003 -16"><span class='ocrx_word' id='word_1_59' title='bbox 17 1000 23 1015; x_wconf 60' lang='lat'>⁸</span> <span class='ocrx_word' id='word_1_60' title='bbox 63 1017 260 1084; x_wconf 81' lang='lat' dir='ltr'><strong>sumendum,</strong></span> <span class='ocrx_word' id='word_1_61' title='bbox 279 1015 408 1071; x_wconf 87' lang='lat' dir='ltr'><strong>damnari</strong></span> <span class='ocrx_word' id='word_1_62' title='bbox 427 1024 540 1069; x_wconf 82' lang='lat' dir='ltr'><strong>tantum</strong></span> <span class='ocrx_word' id='word_1_63' title='bbox 557 1016 712 1088; x_wconf 88' lang='lat' dir='ltr'><strong>populum.</strong></span> <span class='ocrx_word' id='word_1_64' title='bbox 728 1015 757 1076; x_wconf 67' lang='grc'><strong>2)</strong></span> <span class='ocrx_word' id='word_1_65' title='bbox 790 1015 859 1072; x_wconf 80' lang='lat' dir='ltr'><strong>Hoc</strong></span> <span class='ocrx_word' id='word_1_66' title='bbox 875 1028 1047 1086; x_wconf 85' lang='lat' dir='ltr'><strong>argumento</strong></span> <span class='ocrx_word' id='word_1_67' title='bbox 1065 1017 1122 1070; x_wconf 88' lang='lat' dir='ltr'><strong>sal.</strong></span> 
     </span>
     <span class='ocr_line' id='line_1_9' title="bbox 15 1092 1122 1178; baseline 0.001 -16"><span class='ocrx_word' id='word_1_68' title='bbox 15 1118 20 1129; x_wconf 88' lang='grc'><em>·</em></span> <span class='ocrx_word' id='word_1_69' title='bbox 63 1123 116 1171; x_wconf 73' lang='lat' dir='ltr'><strong>so,</strong></span> <span class='ocrx_word' id='word_1_70' title='bbox 142 1107 214 1178; x_wconf 89' lang='lat' dir='ltr'><strong>quis</strong></span> <span class='ocrx_word' id='word_1_71' title='bbox 232 1097 280 1161; x_wconf 86' lang='lat' dir='ltr'><strong>e&#39;st</strong></span> <span class='ocrx_word' id='word_1_72' title='bbox 296 1104 364 1161; x_wconf 79' lang='lat' dir='ltr'><strong>fidei</strong></span> <span class='ocrx_word' id='word_1_73' title='bbox 380 1105 522 1160; x_wconf 75' lang='lat' dir='ltr'><strong>articulus</strong></span> <span class='ocrx_word' id='word_1_74' title='bbox 540 1105 686 1177; x_wconf 87' lang='lat' dir='ltr'><strong>reliquus,</strong></span> <span class='ocrx_word' id='word_1_75' title='bbox 713 1123 803 1178; x_wconf 90' lang='lat' dir='ltr'><strong>quem</strong></span> <span class='ocrx_word' id='word_1_76' title='bbox 826 1092 910 1161; x_wconf 79' lang='lat' dir='ltr'><strong>fateri</strong></span> <span class='ocrx_word' id='word_1_77' title='bbox 927 1118 975 1162; x_wconf 75' lang='lat' dir='ltr'><strong>tritt</strong></span> <span class='ocrx_word' id='word_1_78' title='bbox 993 1109 1122 1164; x_wconf 85' lang='lat' dir='ltr'><strong>retinere</strong></span> 
     </span>
     <span class='ocr_line' id='line_1_10' title="bbox 62 1193 1123 1269; baseline 0 -16"><span class='ocrx_word' id='word_1_79' title='bbox 62 1197 236 1269; x_wconf 83' lang='lat' dir='ltr'><strong>possimus,</strong></span> <span class='ocrx_word' id='word_1_80' title='bbox 250 1193 278 1262; x_wconf 79' lang='lat'><strong>³)</strong></span> <span class='ocrx_word' id='word_1_81' title='bbox 294 1196 320 1252; x_wconf 88' lang='lat' dir='ltr'><strong>si</strong></span> <span class='ocrx_word' id='word_1_82' title='bbox 342 1194 560 1253; x_wconf 86' lang='lat' dir='ltr'><strong>amultitudine</strong></span> <span class='ocrx_word' id='word_1_83' title='bbox 577 1196 706 1268; x_wconf 89' lang='lat' dir='ltr'><strong>pendent</strong></span> <span class='ocrx_word' id='word_1_84' title='bbox 723 1197 836 1253; x_wconf 76' lang='lat' dir='ltr'><strong>articuli</strong></span> <span class='ocrx_word' id='word_1_85' title='bbox 855 1197 943 1255; x_wconf 78' lang='lat' dir='ltr'><strong>fidei?</strong></span> <span class='ocrx_word' id='word_1_86' title='bbox 978 1197 1034 1252; x_wconf 86' lang='lat' dir='ltr'><strong>Sed</strong></span> <span class='ocrx_word' id='word_1_87' title='bbox 1052 1196 1123 1269; x_wconf 84' lang='lat' dir='ltr'><strong>quid</strong></span> 
     </span>
     <span class='ocr_line' id='line_1_11' title="bbox 61 1279 1123 1357; baseline 0.001 -14"><span class='ocrx_word' id='word_1_88' title='bbox 61 1286 120 1343; x_wconf 81' lang='lat' dir='ltr'><strong>hoe</strong></span> <span class='ocrx_word' id='word_1_89' title='bbox 135 1279 167 1354; x_wconf 72' lang='lat'><strong>⁴)</strong></span> <span class='ocrx_word' id='word_1_90' title='bbox 191 1286 223 1341; x_wconf 89' lang='lat' dir='ltr'><strong>in</strong></span> <span class='ocrx_word' id='word_1_91' title='bbox 240 1285 333 1342; x_wconf 87' lang='lat' dir='ltr'><strong>literis</strong></span> <span class='ocrx_word' id='word_1_92' title='bbox 350 1289 468 1342; x_wconf 85' lang='lat' dir='ltr'><strong>tracto?</strong></span> <span class='ocrx_word' id='word_1_93' title='bbox 501 1286 551 1340; x_wconf 87' lang='lat' dir='ltr'><strong>Tu</strong></span> <span class='ocrx_word' id='word_1_94' title='bbox 568 1286 678 1343; x_wconf 89' lang='lat' dir='ltr'><strong>videris</strong></span> <span class='ocrx_word' id='word_1_95' title='bbox 696 1297 727 1342; x_wconf 91' lang='lat' dir='ltr'><strong>ut</strong></span> <span class='ocrx_word' id='word_1_96' title='bbox 742 1281 769 1355; x_wconf 85' lang='lat'><strong>⁵)</strong></span> <span class='ocrx_word' id='word_1_97' title='bbox 791 1289 981 1357; x_wconf 87' lang='lat' dir='ltr'><strong>memineris,</strong></span> <span class='ocrx_word' id='word_1_98' title='bbox 1007 1299 1036 1344; x_wconf 89' lang='lat' dir='ltr'><strong>te</strong></span> <span class='ocrx_word' id='word_1_99' title='bbox 1055 1304 1123 1345; x_wconf 86' lang='lat' dir='ltr'><strong>esse</strong></span> 
     </span>
     <span class='ocr_line' id='line_1_12' title="bbox 61 1360 1122 1451; baseline 0.003 -19"><span class='ocrx_word' id='word_1_100' title='bbox 61 1392 153 1432; x_wconf 84' lang='lat' dir='ltr'><strong>uuum</strong></span> <span class='ocrx_word' id='word_1_101' title='bbox 170 1376 312 1445; x_wconf 86' lang='lat' dir='ltr'><strong>illorum,</strong></span> <span class='ocrx_word' id='word_1_102' title='bbox 331 1375 382 1449; x_wconf 89' lang='lat' dir='ltr'><strong>qui</strong></span> <span class='ocrx_word' id='word_1_103' title='bbox 397 1360 547 1431; x_wconf 67' lang='lat' dir='ltr'><strong>iocentur</strong></span> <span class='ocrx_word' id='word_1_104' title='bbox 561 1375 643 1432; x_wconf 86' lang='lat' dir='ltr'><strong>Loth</strong></span> <span class='ocrx_word' id='word_1_105' title='bbox 654 1379 683 1433; x_wconf 90' lang='lat' dir='ltr'><strong>in</strong></span> <span class='ocrx_word' id='word_1_106' title='bbox 695 1378 853 1447; x_wconf 84' lang='lat' dir='ltr'>Sodomis,</span> <span class='ocrx_word' id='word_1_107' title='bbox 871 1367 998 1451; x_wconf 88' lang='lat' dir='ltr'><strong>quorum</strong></span> <span class='ocrx_word' id='word_1_108' title='bbox 1010 1379 1122 1441; x_wconf 83' lang='lat' dir='ltr'><strong>animas</strong></span> 
     </span>
     <span class='ocr_line' id='line_1_13' title="bbox 60 1466 1122 1540; baseline 0.003 -17"><span class='ocrx_word' id='word_1_109' title='bbox 60 1469 198 1531; x_wconf 84' lang='lat' dir='ltr'><strong>cruciant</strong></span> <span class='ocrx_word' id='word_1_110' title='bbox 215 1467 263 1521; x_wconf 88' lang='lat' dir='ltr'><strong>isti</strong></span> <span class='ocrx_word' id='word_1_111' title='bbox 280 1467 415 1521; x_wconf 77' lang='lat' dir='ltr'>nefandis</span> <span class='ocrx_word' id='word_1_112' title='bbox 433 1466 575 1539; x_wconf 79' lang='lat' dir='ltr'><strong>operibus</strong></span> <span class='ocrx_word' id='word_1_113' title='bbox 593 1468 640 1522; x_wconf 90' lang='lat' dir='ltr'><strong>die</strong></span> <span class='ocrx_word' id='word_1_114' title='bbox 658 1484 691 1522; x_wconf 91' lang='lat' dir='ltr'><strong>ac</strong></span> <span class='ocrx_word' id='word_1_115' title='bbox 707 1479 804 1523; x_wconf 87' lang='lat' dir='ltr'><strong>nocte.</strong></span> <span class='ocrx_word' id='word_1_116' title='bbox 837 1469 952 1523; x_wconf 91' lang='lat' dir='ltr'><strong>Verum</strong></span> <span class='ocrx_word' id='word_1_117' title='bbox 971 1472 1122 1540; x_wconf 86' lang='lat' dir='ltr'><strong>sequitur:</strong></span> 
     </span>
     <span class='ocr_line' id='line_1_14' title="bbox 64 1550 1126 1628; baseline 0.002 -16"><span class='ocrx_word' id='word_1_118' title='bbox 64 1557 164 1613; x_wconf 80' lang='lat' dir='ltr'><strong>Novit</strong></span> <span class='ocrx_word' id='word_1_119' title='bbox 191 1555 356 1613; x_wconf 83' lang='lat' dir='ltr'><strong>Dominus</strong></span> <span class='ocrx_word' id='word_1_120' title='bbox 369 1558 481 1627; x_wconf 50' lang='lat' dir='ltr'><strong>„iustos</strong></span> <span class='ocrx_word' id='word_1_121' title='bbox 504 1556 630 1628; x_wconf 84' lang='lat' dir='ltr'><strong>eripere</strong></span> <span class='ocrx_word' id='word_1_122' title='bbox 651 1550 680 1626; x_wconf 83' lang='lat'><strong>⁶)</strong></span> <span class='ocrx_word' id='word_1_123' title='bbox 706 1574 727 1611; x_wconf 87' lang='lat' dir='ltr'><strong>a</strong></span> <span class='ocrx_word' id='word_1_124' title='bbox 752 1559 936 1613; x_wconf 82' lang='lat' dir='ltr'><strong>tentatione.</strong></span> <span class='ocrx_word' id='word_1_125' title='bbox 972 1559 1126 1614; x_wconf 78' lang='lat' dir='ltr'><strong>Christum</strong></span> 
     </span>
     <span class='ocr_line' id='line_1_15' title="bbox 63 1647 1124 1720; baseline -0.001 -15"><span class='ocrx_word' id='word_1_126' title='bbox 63 1649 198 1706; x_wconf 76' lang='lat' dir='ltr'><strong>wniessi</strong></span> <span class='ocrx_word' id='word_1_127' title='bbox 226 1649 317 1714; x_wconf 89' lang='lat' dir='ltr'><strong>estis,</strong></span> <span class='ocrx_word' id='word_1_128' title='bbox 345 1664 451 1719; x_wconf 88' lang='lat' dir='ltr'><strong>pacem</strong></span> <span class='ocrx_word' id='word_1_129' title='bbox 475 1647 647 1714; x_wconf 81' lang='lat' dir='ltr'><strong>obtulistis,</strong></span> <span class='ocrx_word' id='word_1_130' title='bbox 672 1648 790 1703; x_wconf 76' lang='lat' dir='ltr'><strong>Caesari</strong></span> <span class='ocrx_word' id='word_1_131' title='bbox 816 1647 978 1718; x_wconf 88' lang='lat' dir='ltr'><strong>obedistis,</strong></span> <span class='ocrx_word' id='word_1_132' title='bbox 1004 1650 1124 1720; x_wconf 87' lang='lat' dir='ltr'><strong>injurias</strong></span> 
     </span>
     <span class='ocr_line' id='line_1_16' title="bbox 62 1736 1125 1811; baseline -0.002 -16"><span class='ocrx_word' id='word_1_133' title='bbox 62 1740 238 1809; x_wconf 79' lang='lat' dir='ltr'><strong>tolerastis,</strong></span> <span class='ocrx_word' id='word_1_134' title='bbox 266 1737 459 1811; x_wconf 87' lang='lat' dir='ltr'><strong>blasphemiis</strong></span> <span class='ocrx_word' id='word_1_135' title='bbox 488 1740 606 1793; x_wconf 87' lang='lat' dir='ltr'><strong>saturati</strong></span> <span class='ocrx_word' id='word_1_136' title='bbox 632 1736 724 1804; x_wconf 89' lang='lat' dir='ltr'><strong>estis,</strong></span> <span class='ocrx_word' id='word_1_137' title='bbox 746 1754 805 1793; x_wconf 86' lang='lat' dir='ltr'><strong>nec</strong></span> <span class='ocrx_word' id='word_1_138' title='bbox 830 1739 940 1793; x_wconf 88' lang='lat' dir='ltr'><strong>malum</strong></span> <span class='ocrx_word' id='word_1_139' title='bbox 967 1757 1022 1810; x_wconf 90' lang='lat' dir='ltr'><strong>pro</strong></span> <span class='ocrx_word' id='word_1_140' title='bbox 1047 1740 1125 1793; x_wconf 88' lang='lat' dir='ltr'><strong>malo</strong></span> 
     </span>
     <span class='ocr_line' id='line_1_17' title="bbox 64 1828 1125 1900; baseline -0.004 -15"><span class='ocrx_word' id='word_1_141' title='bbox 64 1830 251 1886; x_wconf 84' lang='lat' dir='ltr'><strong>reddidistis:</strong></span> <span class='ocrx_word' id='word_1_142' title='bbox 270 1845 387 1884; x_wconf 88' lang='lat' dir='ltr'><strong>summa</strong></span> <span class='ocrx_word' id='word_1_143' title='bbox 395 1869 405 1897; x_wconf 89' lang='lat'><strong>,</strong></span> <span class='ocrx_word' id='word_1_144' title='bbox 418 1843 493 1900; x_wconf 90' lang='lat' dir='ltr'><strong>opus</strong></span> <span class='ocrx_word' id='word_1_145' title='bbox 507 1838 642 1882; x_wconf 88' lang='lat' dir='ltr'><strong>sanctum</strong></span> <span class='ocrx_word' id='word_1_146' title='bbox 654 1828 732 1894; x_wconf 88' lang='lat' dir='ltr'><strong>Dei,</strong></span> <span class='ocrx_word' id='word_1_147' title='bbox 743 1838 774 1882; x_wconf 93' lang='lat' dir='ltr'><strong>ut</strong></span> <span class='ocrx_word' id='word_1_148' title='bbox 791 1841 912 1885; x_wconf 87' lang='lat' dir='ltr'><strong>sanctos</strong></span> <span class='ocrx_word' id='word_1_149' title='bbox 925 1831 1029 1896; x_wconf 88' lang='lat' dir='ltr'><strong>decet,</strong></span> <span class='ocrx_word' id='word_1_150' title='bbox 1040 1829 1125 1898; x_wconf 81' lang='lat' dir='ltr'><strong>digne</strong></span> 
     </span>
     <span class='ocr_line' id='line_1_18' title="bbox 63 1918 1127 1990; baseline -0.002 -14"><span class='ocrx_word' id='word_1_151' title='bbox 63 1921 228 1977; x_wconf 83' lang='lat' dir='ltr'><strong>tractastis.</strong></span> <span class='ocrx_word' id='word_1_152' title='bbox 262 1920 426 1975; x_wconf 90' lang='lat' dir='ltr'><strong>Laetamini</strong></span> <span class='ocrx_word' id='word_1_153' title='bbox 445 1920 532 1974; x_wconf 89' lang='lat' dir='ltr'><strong>etiam</strong></span> <span class='ocrx_word' id='word_1_154' title='bbox 549 1918 705 1990; x_wconf 88' lang='lat' dir='ltr'><strong>aliquando</strong></span> <span class='ocrx_word' id='word_1_155' title='bbox 723 1919 753 1973; x_wconf 90' lang='lat' dir='ltr'><strong>in</strong></span> <span class='ocrx_word' id='word_1_156' title='bbox 770 1918 907 1975; x_wconf 89' lang='lat' dir='ltr'><strong>Domino</strong></span> <span class='ocrx_word' id='word_1_157' title='bbox 927 1928 955 1972; x_wconf 90' lang='lat' dir='ltr'><strong>et</strong></span> <span class='ocrx_word' id='word_1_158' title='bbox 978 1918 1127 1987; x_wconf 88' lang='lat' dir='ltr'><strong>exultate,</strong></span> 
     </span>
     <span class='ocr_line' id='line_1_19' title="bbox 59 2001 1126 2087; baseline -0.003 -20"><span class='ocrx_word' id='word_1_159' title='bbox 59 2013 150 2082; x_wconf 85' lang='lat' dir='ltr'><strong>justi:</strong></span> <span class='ocrx_word' id='word_1_160' title='bbox 175 2010 250 2067; x_wconf 84' lang='lat' dir='ltr'><strong>satis</strong></span> <span class='ocrx_word' id='word_1_161' title='bbox 272 2010 322 2065; x_wconf 79' lang='lat' dir='ltr'><strong>&lt;liu</strong></span> <span class='ocrx_word' id='word_1_162' title='bbox 346 2009 450 2065; x_wconf 87' lang='lat' dir='ltr'><strong>tristati</strong></span> <span class='ocrx_word' id='word_1_163' title='bbox 467 2001 497 2075; x_wconf 84' lang='lat'><strong>⁷)</strong></span> <span class='ocrx_word' id='word_1_164' title='bbox 523 2009 596 2065; x_wconf 89' lang='lat' dir='ltr'><strong>estis</strong></span> <span class='ocrx_word' id='word_1_165' title='bbox 614 2009 642 2064; x_wconf 91' lang='lat' dir='ltr'><strong>in</strong></span> <span class='ocrx_word' id='word_1_166' title='bbox 661 2009 790 2070; x_wconf 77' lang='lat' dir='ltr'><strong>mundo:</strong></span> <span class='ocrx_word' id='word_1_167' title='bbox 814 2009 955 2085; x_wconf 87' lang='lat' dir='ltr'><strong>respicite</strong></span> <span class='ocrx_word' id='word_1_168' title='bbox 980 2019 1009 2087; x_wconf 83' lang='lat' dir='ltr'><strong>et</strong></span> <span class='ocrx_word' id='word_1_169' title='bbox 1031 2009 1126 2064; x_wconf 87' lang='lat' dir='ltr'><strong>levate</strong></span> 
     </span>
     <span class='ocr_line' id='line_1_20' title="bbox 63 2092 1127 2174; baseline -0.004 -19"><span class='ocrx_word' id='word_1_170' title='bbox 63 2102 161 2173; x_wconf 78' lang='lat' dir='ltr'><strong>capita</strong></span> <span class='ocrx_word' id='word_1_171' title='bbox 177 2110 301 2167; x_wconf 86' lang='lat' dir='ltr'><strong>vestra,</strong></span> <span class='ocrx_word' id='word_1_172' title='bbox 325 2100 540 2174; x_wconf 86' lang='lat' dir='ltr'><strong>appropinquat</strong></span> <span class='ocrx_word' id='word_1_173' title='bbox 561 2098 706 2156; x_wconf 88' lang='lat' dir='ltr'><strong>redemtio</strong></span> <span class='ocrx_word' id='word_1_174' title='bbox 728 2109 836 2154; x_wconf 87' lang='lat' dir='ltr'><strong>vestra.</strong></span> <span class='ocrx_word' id='word_1_175' title='bbox 852 2092 882 2165; x_wconf 72' lang='grc'><strong>8)</strong></span> <span class='ocrx_word' id='word_1_176' title='bbox 916 2099 982 2169; x_wconf 85' lang='lat' dir='ltr'><strong>Ego</strong></span> <span class='ocrx_word' id='word_1_177' title='bbox 1007 2101 1127 2156; x_wconf 86' lang='lat' dir='ltr'><strong>canoni.</strong></span> 
     </span>
    </p>
   </div>
   <div class='ocr_carea' id='block_1_3' title="bbox 65 2188 1226 2262">
    <p class='ocr_par' dir='ltr' id='par_1_3' title="bbox 65 2188 1226 2262">
     <span class='ocr_line' id='line_1_21' title="bbox 65 2188 1226 2262; baseline 0 -16"><span class='ocrx_word' id='word_1_178' title='bbox 65 2192 143 2247; x_wconf 78' lang='lat' dir='ltr'><strong>rabo</strong></span> <span class='ocrx_word' id='word_1_179' title='bbox 160 2207 239 2258; x_wconf 80' lang='lat' dir='ltr'><strong>vos,</strong></span> <span class='ocrx_word' id='word_1_180' title='bbox 257 2201 289 2244; x_wconf 91' lang='lat' dir='ltr'><strong>ut</strong></span> <span class='ocrx_word' id='word_1_181' title='bbox 306 2190 399 2244; x_wconf 78' lang='lat' dir='ltr'><strong>fidelia</strong></span> <span class='ocrx_word' id='word_1_182' title='bbox 418 2189 552 2245; x_wconf 85' lang='lat' dir='ltr'><strong>membra</strong></span> <span class='ocrx_word' id='word_1_183' title='bbox 571 2188 701 2259; x_wconf 85' lang='lat' dir='ltr'><strong>Christi,</strong></span> <span class='ocrx_word' id='word_1_184' title='bbox 718 2197 749 2246; x_wconf 85' lang='lat' dir='ltr'><strong>et</strong></span> <span class='ocrx_word' id='word_1_185' title='bbox 765 2189 835 2261; x_wconf 86' lang='lat' dir='ltr'><strong>quid</strong></span> <span class='ocrx_word' id='word_1_186' title='bbox 847 2190 971 2262; x_wconf 84' lang='lat' dir='ltr'><strong>amplius</strong></span> <span class='ocrx_word' id='word_1_187' title='bbox 985 2191 1125 2261; x_wconf 85' lang='lat' dir='ltr'><strong>quaeritis</strong></span> <span class='ocrx_word' id='word_1_188' title='bbox 1224 2212 1226 2221; x_wconf 92' lang='lat'>·</span> 
     </span>
    </p>
   </div>
   <div class='ocr_carea' id='block_1_4' title="bbox 62 2266 1125 2533">
    <p class='ocr_par' dir='ltr' id='par_1_4' title="bbox 62 2266 1125 2533">
     <span class='ocr_line' id='line_1_22' title="bbox 63 2266 1125 2355; baseline -0.004 -17"><span class='ocrx_word' id='word_1_189' title='bbox 63 2282 200 2355; x_wconf 71' lang='lat' dir='ltr'><strong>gloriae?</strong></span> <span class='ocrx_word' id='word_1_190' title='bbox 236 2283 283 2335; x_wconf 81' lang='lat' dir='ltr'><strong>An</strong></span> <span class='ocrx_word' id='word_1_191' title='bbox 300 2297 403 2352; x_wconf 85' lang='lat' dir='ltr'><strong>parurn</strong></span> <span class='ocrx_word' id='word_1_192' title='bbox 415 2290 476 2347; x_wconf 83' lang='lat' dir='ltr'><strong>est,</strong></span> <span class='ocrx_word' id='word_1_193' title='bbox 496 2266 617 2334; x_wconf 82' lang='lat' dir='ltr'><strong>Christo</strong></span> <span class='ocrx_word' id='word_1_194' title='bbox 630 2266 809 2351; x_wconf 80' lang='lat' dir='ltr'><strong>praestitisse</strong></span> <span class='ocrx_word' id='word_1_195' title='bbox 821 2280 906 2335; x_wconf 85' lang='lat' dir='ltr'><strong>lidele</strong></span> <span class='ocrx_word' id='word_1_196' title='bbox 918 2281 1125 2348; x_wconf 88' lang='lat' dir='ltr'><strong>ministerium,</strong></span> 
     </span>
     <span class='ocr_line' id='line_1_23' title="bbox 63 2361 1125 2454; baseline -0.003 -27"><span class='ocrx_word' id='word_1_197' title='bbox 63 2373 188 2443; x_wconf 77' lang='lat' dir='ltr'><strong>dignum</strong></span> <span class='ocrx_word' id='word_1_198' title='bbox 207 2371 257 2425; x_wconf 90' lang='lat' dir='ltr'><strong>illo</strong></span> <span class='ocrx_word' id='word_1_199' title='bbox 268 2386 309 2454; x_wconf 17' lang='lat' dir='ltr'><strong>*se</strong></span> <span class='ocrx_word' id='word_1_200' title='bbox 325 2370 455 2441; x_wconf 79' lang='lat' dir='ltr'><strong>gessisse</strong></span> <span class='ocrx_word' id='word_1_201' title='bbox 471 2363 661 2424; x_wconf 86' lang='lat' dir='ltr'><strong>membrum?</strong></span> <span class='ocrx_word' id='word_1_202' title='bbox 677 2361 708 2436; x_wconf 74' lang='grc'><strong>9)</strong></span> <span class='ocrx_word' id='word_1_203' title='bbox 743 2369 829 2424; x_wconf 82' lang='lat' dir='ltr'><strong>Absit</strong></span> <span class='ocrx_word' id='word_1_204' title='bbox 849 2370 991 2438; x_wconf 82' lang='lat' dir='ltr'><strong>avobis,</strong></span> <span class='ocrx_word' id='word_1_205' title='bbox 1015 2380 1047 2424; x_wconf 90' lang='lat' dir='ltr'><strong>ut</strong></span> <span class='ocrx_word' id='word_1_206' title='bbox 1064 2379 1125 2425; x_wconf 87' lang='lat' dir='ltr'><strong>tam</strong></span> 
     </span>
     <span class='ocr_line' id='line_1_24' title="bbox 62 2457 997 2533; baseline -0.005 -15"><span class='ocrx_word' id='word_1_207' title='bbox 62 2463 174 2533; x_wconf 78' lang='lat' dir='ltr'><strong>exigua</strong></span> <span class='ocrx_word' id='word_1_208' title='bbox 191 2460 280 2516; x_wconf 87' lang='lat' dir='ltr'><strong>vobis</strong></span> <span class='ocrx_word' id='word_1_209' title='bbox 297 2461 387 2529; x_wconf 85' lang='lat' dir='ltr'><strong>gratia</strong></span> <span class='ocrx_word' id='word_1_210' title='bbox 405 2459 512 2514; x_wconf 83' lang='lat' dir='ltr'><strong>Christi</strong></span> <span class='ocrx_word' id='word_1_211' title='bbox 529 2458 672 2515; x_wconf 88' lang='lat' dir='ltr'><strong>videatur.</strong></span> <span class='ocrx_word' id='word_1_212' title='bbox 707 2457 763 2513; x_wconf 88' lang='lat' dir='ltr'><strong>Sed</strong></span> <span class='ocrx_word' id='word_1_213' title='bbox 781 2459 866 2514; x_wconf 87' lang='lat' dir='ltr'><strong>latius</strong></span> <span class='ocrx_word' id='word_1_214' title='bbox 885 2476 997 2514; x_wconf 90' lang='lat' dir='ltr'><strong>coram.</strong></span> 
     </span>
    </p>
   </div>
   <div class='ocr_carea' id='block_1_5' title="bbox 61 2565 1201 3452">
    <p class='ocr_par' dir='ltr' id='par_1_5' title="bbox 61 2565 1201 3452">
     <span class='ocr_line' id='line_1_25' title="bbox 127 2565 1201 2637; baseline -0.002 -15"><span class='ocrx_word' id='word_1_215' title='bbox 127 2567 199 2637; x_wconf 85' lang='lat' dir='ltr'><strong>Ego</strong></span> <span class='ocrx_word' id='word_1_216' title='bbox 218 2567 282 2621; x_wconf 91' lang='lat' dir='ltr'><strong>istis</strong></span> <span class='ocrx_word' id='word_1_217' title='bbox 300 2565 403 2621; x_wconf 86' lang='lat' dir='ltr'><strong>diebus</strong></span> <span class='ocrx_word' id='word_1_218' title='bbox 422 2570 495 2621; x_wconf 82' lang='lat' dir='ltr'><strong>sano</strong></span> <span class='ocrx_word' id='word_1_219' title='bbox 508 2565 605 2637; x_wconf 85' lang='lat' dir='ltr'><strong>capite</strong></span> <span class='ocrx_word' id='word_1_220' title='bbox 617 2565 668 2619; x_wconf 88' lang='lat' dir='ltr'><strong>fui.</strong></span> <span class='ocrx_word' id='word_1_221' title='bbox 703 2566 845 2637; x_wconf 90' lang='lat' dir='ltr'><strong>Suspicor</strong></span> <span class='ocrx_word' id='word_1_222' title='bbox 856 2576 980 2633; x_wconf 86' lang='lat' dir='ltr'><strong>ventos,</strong></span> <span class='ocrx_word' id='word_1_223' title='bbox 999 2565 1048 2635; x_wconf 90' lang='lat' dir='ltr'><strong>qui</strong></span> <span class='ocrx_word' id='word_1_224' title='bbox 1061 2566 1125 2634; x_wconf 89' lang='lat' dir='ltr'><strong>jam</strong></span> <span class='ocrx_word' id='word_1_225' title='bbox 1197 2620 1201 2629; x_wconf 64' lang='grc'><strong>,</strong></span> 
     </span>
     <span class='ocr_line' id='line_1_26' title="bbox 61 2655 1124 2728; baseline -0.003 -16"><span class='ocrx_word' id='word_1_226' title='bbox 61 2675 166 2712; x_wconf 86' lang='lat' dir='ltr'><strong>arcem</strong></span> <span class='ocrx_word' id='word_1_227' title='bbox 192 2657 288 2728; x_wconf 87' lang='lat' dir='ltr'><strong>ipsam</strong></span> <span class='ocrx_word' id='word_1_228' title='bbox 312 2656 441 2727; x_wconf 85' lang='lat' dir='ltr'><strong>pulsant,</strong></span> <span class='ocrx_word' id='word_1_229' title='bbox 466 2658 494 2710; x_wconf 89' lang='lat' dir='ltr'><strong>in</strong></span> <span class='ocrx_word' id='word_1_230' title='bbox 514 2671 583 2711; x_wconf 89' lang='lat' dir='ltr'><strong>meo</strong></span> <span class='ocrx_word' id='word_1_231' title='bbox 600 2655 695 2724; x_wconf 82' lang='lat' dir='ltr'><strong>capite</strong></span> <span class='ocrx_word' id='word_1_232' title='bbox 714 2656 829 2721; x_wconf 74' lang='lat' dir='ltr'><strong>fuisse,</strong></span> <span class='ocrx_word' id='word_1_233' title='bbox 853 2664 883 2710; x_wconf 88' lang='lat' dir='ltr'><strong>et</strong></span> <span class='ocrx_word' id='word_1_234' title='bbox 902 2656 965 2725; x_wconf 85' lang='lat' dir='ltr'><strong>jam</strong></span> <span class='ocrx_word' id='word_1_235' title='bbox 984 2656 1019 2719; x_wconf 81' lang='lat'><strong>¹⁰)</strong></span> <span class='ocrx_word' id='word_1_236' title='bbox 1043 2657 1124 2710; x_wconf 88' lang='lat' dir='ltr'><strong>foras</strong></span> 
     </span>
     <span class='ocr_line' id='line_1_27' title="bbox 62 2745 1125 2816; baseline -0.007 -13"><span class='ocrx_word' id='word_1_237' title='bbox 62 2763 241 2814; x_wconf 87' lang='lat' dir='ltr'><strong>susurrare,</strong></span> <span class='ocrx_word' id='word_1_238' title='bbox 259 2746 330 2801; x_wconf 91' lang='lat' dir='ltr'><strong>mihi</strong></span> <span class='ocrx_word' id='word_1_239' title='bbox 352 2746 509 2816; x_wconf 79' lang='lat' dir='ltr'><strong>aliquando</strong></span> <span class='ocrx_word' id='word_1_240' title='bbox 527 2745 603 2799; x_wconf 89' lang='lat' dir='ltr'><strong>intra</strong></span> <span class='ocrx_word' id='word_1_241' title='bbox 612 2754 698 2814; x_wconf 88' lang='lat' dir='ltr'><strong>caput</strong></span> <span class='ocrx_word' id='word_1_242' title='bbox 710 2746 860 2800; x_wconf 87' lang='lat' dir='ltr'><strong>redituros</strong></span> <span class='ocrx_word' id='word_1_243' title='bbox 873 2762 954 2800; x_wconf 85' lang='lat' dir='ltr'><strong>esse:</strong></span> <span class='ocrx_word' id='word_1_244' title='bbox 974 2745 1011 2799; x_wconf 90' lang='lat' dir='ltr'><strong>ita</strong></span> <span class='ocrx_word' id='word_1_245' title='bbox 1023 2745 1125 2799; x_wconf 87' lang='lat' dir='ltr'><strong>viden.</strong></span> 
     </span>
     <span class='ocr_line' id='line_1_28' title="bbox 64 2834 1122 2905; baseline -0.004 -12"><span class='ocrx_word' id='word_1_246' title='bbox 64 2852 112 2894; x_wconf 87' lang='lat' dir='ltr'><strong>tur</strong></span> <span class='ocrx_word' id='word_1_247' title='bbox 128 2837 205 2891; x_wconf 89' lang='lat' dir='ltr'><strong>mihi</strong></span> <span class='ocrx_word' id='word_1_248' title='bbox 222 2838 305 2892; x_wconf 85' lang='lat' dir='ltr'><strong>vices</strong></span> <span class='ocrx_word' id='word_1_249' title='bbox 323 2847 448 2891; x_wconf 80' lang='lat' dir='ltr'><strong>mutare.</strong></span> <span class='ocrx_word' id='word_1_250' title='bbox 482 2834 617 2890; x_wconf 85' lang='lat' dir='ltr'><strong>Donavit</strong></span> <span class='ocrx_word' id='word_1_251' title='bbox 641 2851 690 2888; x_wconf 88' lang='lat' dir='ltr'><strong>me</strong></span> <span class='ocrx_word' id='word_1_252' title='bbox 714 2835 859 2905; x_wconf 77' lang='lat' dir='ltr'><strong>Rrinceps</strong></span> <span class='ocrx_word' id='word_1_253' title='bbox 885 2851 974 2888; x_wconf 89' lang='lat' dir='ltr'><strong>aureo</strong></span> <span class='ocrx_word' id='word_1_254' title='bbox 997 2835 1122 2904; x_wconf 89' lang='lat' dir='ltr'><strong>annulo,</strong></span> 
     </span>
     <span class='ocr_line' id='line_1_29' title="bbox 64 2926 1122 2995; baseline -0.002 -11"><span class='ocrx_word' id='word_1_255' title='bbox 64 2929 116 2984; x_wconf 83' lang='lat' dir='ltr'><strong>sed</strong></span> <span class='ocrx_word' id='word_1_256' title='bbox 135 2940 168 2983; x_wconf 92' lang='lat' dir='ltr'><strong>ut</strong></span> <span class='ocrx_word' id='word_1_257' title='bbox 186 2927 320 2981; x_wconf 83' lang='lat' dir='ltr'><strong>viderem</strong></span> <span class='ocrx_word' id='word_1_258' title='bbox 338 2944 463 2982; x_wconf 87' lang='lat' dir='ltr'><strong>menon</strong></span> <span class='ocrx_word' id='word_1_259' title='bbox 482 2943 550 2981; x_wconf 88' lang='lat' dir='ltr'><strong>esse</strong></span> <span class='ocrx_word' id='word_1_260' title='bbox 566 2926 720 2989; x_wconf 70' lang='lat' dir='ltr'><strong>¹1letatum</strong></span> <span class='ocrx_word' id='word_1_261' title='bbox 745 2942 817 2979; x_wconf 89' lang='lat' dir='ltr'><strong>auro</strong></span> <span class='ocrx_word' id='word_1_262' title='bbox 841 2927 999 2995; x_wconf 85' lang='lat' dir='ltr'><strong>gestando,</strong></span> <span class='ocrx_word' id='word_1_263' title='bbox 1024 2926 1122 2982; x_wconf 88' lang='lat' dir='ltr'><strong>statim</strong></span> 
     </span>
     <span class='ocr_line' id='line_1_30' title="bbox 64 3013 1126 3090; baseline -0.002 -17"><span class='ocrx_word' id='word_1_264' title='bbox 64 3036 79 3072; x_wconf 88' lang='lat' dir='ltr'><strong>a</strong></span> <span class='ocrx_word' id='word_1_265' title='bbox 97 3019 209 3090; x_wconf 86' lang='lat' dir='ltr'><strong>pollice</strong></span> <span class='ocrx_word' id='word_1_266' title='bbox 227 3018 326 3086; x_wconf 88' lang='lat' dir='ltr'><strong>lapsus</strong></span> <span class='ocrx_word' id='word_1_267' title='bbox 343 3028 387 3071; x_wconf 90' lang='lat' dir='ltr'><strong>est</strong></span> <span class='ocrx_word' id='word_1_268' title='bbox 410 3017 440 3070; x_wconf 91' lang='lat' dir='ltr'><strong>in</strong></span> <span class='ocrx_word' id='word_1_269' title='bbox 462 3026 571 3071; x_wconf 88' lang='lat' dir='ltr'><strong>terram</strong></span> <span class='ocrx_word' id='word_1_270' title='bbox 588 3014 625 3080; x_wconf 81' lang='lat'><strong>¹²)</strong></span> <span class='ocrx_word' id='word_1_271' title='bbox 648 3018 709 3080; x_wconf 85' lang='lat' dir='ltr'><strong>(est</strong></span> <span class='ocrx_word' id='word_1_272' title='bbox 727 3016 805 3069; x_wconf 90' lang='lat' dir='ltr'><strong>enim</strong></span> <span class='ocrx_word' id='word_1_273' title='bbox 823 3017 909 3086; x_wconf 77' lang='lat' dir='ltr'><strong>patilo</strong></span> <span class='ocrx_word' id='word_1_274' title='bbox 927 3017 1024 3070; x_wconf 85' lang='lat' dir='ltr'><strong>laxior</strong></span> <span class='ocrx_word' id='word_1_275' title='bbox 1040 3013 1076 3075; x_wconf 68' lang='grc' dir='ltr'><strong>ι3)</strong></span> <span class='ocrx_word' id='word_1_276' title='bbox 1094 3026 1126 3071; x_wconf 89' lang='lat' dir='ltr'><strong>et</strong></span> 
     </span>
     <span class='ocr_line' id='line_1_31' title="bbox 62 3105 1123 3179; baseline -0.001 -17"><span class='ocrx_word' id='word_1_277' title='bbox 62 3108 193 3179; x_wconf 86' lang='lat' dir='ltr'><strong>amplior</strong></span> <span class='ocrx_word' id='word_1_278' title='bbox 215 3107 311 3175; x_wconf 86' lang='lat' dir='ltr'><strong>digitis</strong></span> <span class='ocrx_word' id='word_1_279' title='bbox 334 3108 436 3169; x_wconf 87' lang='lat' dir='ltr'><strong>meis).</strong></span> <span class='ocrx_word' id='word_1_280' title='bbox 471 3107 560 3161; x_wconf 86' lang='lat' dir='ltr'><strong>Dixi:</strong></span> <span class='ocrx_word' id='word_1_281' title='bbox 594 3105 643 3160; x_wconf 84' lang='grc' dir='ltr'><strong>Τιι</strong></span> <span class='ocrx_word' id='word_1_282' title='bbox 666 3105 781 3160; x_wconf 76' lang='lat' dir='ltr'><strong>rer-nris</strong></span> <span class='ocrx_word' id='word_1_283' title='bbox 804 3123 852 3174; x_wconf 87' lang='lat' dir='ltr'><strong>es,</strong></span> <span class='ocrx_word' id='word_1_284' title='bbox 877 3114 907 3160; x_wconf 86' lang='lat' dir='ltr'><strong>et</strong></span> <span class='ocrx_word' id='word_1_285' title='bbox 929 3123 992 3161; x_wconf 82' lang='lat' dir='ltr'><strong>non</strong></span> <span class='ocrx_word' id='word_1_286' title='bbox 1010 3106 1123 3161; x_wconf 76' lang='lat' dir='ltr'><strong>homo:</strong></span> 
     </span>
     <span class='ocr_line' id='line_1_32' title="bbox 63 3195 1124 3266; baseline -0.002 -13"><span class='ocrx_word' id='word_1_287' title='bbox 63 3198 161 3254; x_wconf 85' lang='lat' dir='ltr'><strong>Fab&#39;ro</strong></span> <span class='ocrx_word' id='word_1_288' title='bbox 176 3205 208 3251; x_wconf 90' lang='lat' dir='ltr'><strong>et</strong></span> <span class='ocrx_word' id='word_1_289' title='bbox 220 3197 316 3251; x_wconf 83' lang='lat' dir='ltr'><strong>Eccio</strong></span> <span class='ocrx_word' id='word_1_290' title='bbox 334 3195 458 3251; x_wconf 86' lang='lat' dir='ltr'><strong>debebat</strong></span> <span class='ocrx_word' id='word_1_291' title='bbox 476 3196 596 3264; x_wconf 88' lang='lat' dir='ltr'><strong>donari,</strong></span> <span class='ocrx_word' id='word_1_292' title='bbox 613 3195 664 3250; x_wconf 90' lang='lat' dir='ltr'><strong>tibi</strong></span> <span class='ocrx_word' id='word_1_293' title='bbox 682 3195 835 3266; x_wconf 85' lang='lat' dir='ltr'><strong>plumbum</strong></span> <span class='ocrx_word' id='word_1_294' title='bbox 853 3198 901 3251; x_wconf 87' lang='lat' dir='ltr'><strong>vel</strong></span> <span class='ocrx_word' id='word_1_295' title='bbox 921 3198 1008 3250; x_wconf 89' lang='lat' dir='ltr'><strong>restis</strong></span> <span class='ocrx_word' id='word_1_296' title='bbox 1027 3198 1124 3266; x_wconf 87' lang='lat' dir='ltr'><strong>potius</strong></span> 
     </span>
     <span class='ocr_line' id='line_1_33' title="bbox 63 3284 1124 3354; baseline -0.002 -11"><span class='ocrx_word' id='word_1_297' title='bbox 63 3284 265 3343; x_wconf 81' lang='lat' dir='ltr'><strong>conveniebat</strong></span> <span class='ocrx_word' id='word_1_298' title='bbox 290 3296 340 3340; x_wconf 86' lang='lat' dir='ltr'><strong>aut</strong></span> <span class='ocrx_word' id='word_1_299' title='bbox 364 3287 439 3340; x_wconf 81' lang='lat' dir='ltr'><strong>funis</strong></span> <span class='ocrx_word' id='word_1_300' title='bbox 463 3287 491 3340; x_wconf 89' lang='lat' dir='ltr'><strong>in</strong></span> <span class='ocrx_word' id='word_1_301' title='bbox 515 3296 643 3354; x_wconf 77' lang='lat' dir='ltr'><strong>gututre.</strong></span> <span class='ocrx_word' id='word_1_302' title='bbox 677 3287 803 3342; x_wconf 86' lang='lat' dir='ltr'><strong>Volebat</strong></span> <span class='ocrx_word' id='word_1_303' title='bbox 828 3287 904 3343; x_wconf 86' lang='lat' dir='ltr'><strong>idem</strong></span> <span class='ocrx_word' id='word_1_304' title='bbox 930 3287 1001 3340; x_wconf 90' lang='lat' dir='ltr'><strong>mihi</strong></span> <span class='ocrx_word' id='word_1_305' title='bbox 1026 3291 1124 3341; x_wconf 84' lang='lat' dir='ltr'><strong>lacere</strong></span> 
     </span>
     <span class='ocr_line' id='line_1_34' title="bbox 63 3369 1124 3452; baseline -0.008 -17"><span class='ocrx_word' id='word_1_306' title='bbox 63 3380 184 3452; x_wconf 87' lang='lat' dir='ltr'><strong>copiam</strong></span> <span class='ocrx_word' id='word_1_307' title='bbox 202 3369 244 3442; x_wconf 66' lang='lat'><strong>¹⁴)</strong></span> <span class='ocrx_word' id='word_1_308' title='bbox 270 3378 393 3434; x_wconf 90' lang='lat' dir='ltr'><strong>domum</strong></span> <span class='ocrx_word' id='word_1_309' title='bbox 415 3377 574 3444; x_wconf 87' lang='lat' dir='ltr'><strong>redeundi,</strong></span> <span class='ocrx_word' id='word_1_310' title='bbox 599 3394 762 3450; x_wconf 87' lang='lat' dir='ltr'><strong>secumque</strong></span> <span class='ocrx_word' id='word_1_311' title='bbox 780 3378 907 3432; x_wconf 89' lang='lat' dir='ltr'><strong>ducere:</strong></span> <span class='ocrx_word' id='word_1_312' title='bbox 932 3378 984 3431; x_wconf 86' lang='lat' dir='ltr'><strong>sed</strong></span> <span class='ocrx_word' id='word_1_313' title='bbox 1002 3393 1057 3447; x_wconf 79' lang='lat' dir='ltr'><strong>ego</strong></span> <span class='ocrx_word' id='word_1_314' title='bbox 1075 3394 1124 3432; x_wconf 84' lang='lat' dir='ltr'><strong>ro.</strong></span> 
     </span>
    </p>
   </div>
   <div class='ocr_carea' id='block_1_6' title="bbox 61 3625 1125 4054">
    <p class='ocr_par' dir='ltr' id='par_1_6' title="bbox 61 3625 1125 4054">
     <span class='ocr_line' id='line_1_35' title="bbox 109 3625 1123 3684; baseline -0.004 -11"><span class='ocrx_word' id='word_1_315' title='bbox 109 3631 132 3679; x_wconf 86' lang='grc'><strong>1)</strong></span> <span class='ocrx_word' id='word_1_316' title='bbox 145 3627 236 3673; x_wconf 82' lang='lat' dir='ltr'><strong>Budd.</strong></span> <span class='ocrx_word' id='word_1_317' title='bbox 248 3627 264 3672; x_wconf 88' lang='lat' dir='ltr'><strong>i.</strong></span> <span class='ocrx_word' id='word_1_318' title='bbox 274 3628 302 3676; x_wconf 67' lang='lat' dir='ltr'><strong>C.</strong></span> <span class='ocrx_word' id='word_1_319' title='bbox 315 3626 376 3678; x_wconf 66' lang='grc' dir='ltr'><strong>δώ.</strong></span> <span class='ocrx_word' id='word_1_320' title='bbox 391 3628 478 3673; x_wconf 81' lang='lat' dir='ltr'><strong>codd.</strong></span> <span class='ocrx_word' id='word_1_321' title='bbox 495 3627 591 3674; x_wconf 86' lang='lat' dir='ltr'><strong>Caesari</strong></span> <span class='ocrx_word' id='word_1_322' title='bbox 605 3627 727 3684; x_wconf 81' lang='lat' dir='ltr'><strong>praesenti</strong></span> <span class='ocrx_word' id='word_1_323' title='bbox 742 3627 875 3674; x_wconf 81' lang='lat' dir='ltr'><strong>cantillent.</strong></span> <span class='ocrx_word' id='word_1_324' title='bbox 925 3629 946 3678; x_wconf 82' lang='lat'><strong>2)</strong></span> <span class='ocrx_word' id='word_1_325' title='bbox 960 3626 1021 3676; x_wconf 63' lang='lat' dir='ltr'><strong>&amp;dt</strong></span> <span class='ocrx_word' id='word_1_326' title='bbox 1036 3630 1046 3671; x_wconf 83' lang='lat' dir='ltr'><strong>l</strong></span> <span class='ocrx_word' id='word_1_327' title='bbox 1066 3639 1089 3684; x_wconf 87' lang='lat' dir='ltr'><strong>p.</strong></span> <span class='ocrx_word' id='word_1_328' title='bbox 1101 3625 1123 3670; x_wconf 89' lang='lat' dir='ltr'><strong>d.</strong></span> 
     </span>
     <span class='ocr_line' id='line_1_36' title="bbox 61 3698 1125 3759; baseline -0.005 -10"><span class='ocrx_word' id='word_1_329' title='bbox 61 3703 165 3753; x_wconf 63' lang='grc' dir='ltr'><strong>ΜΔ).</strong></span> <span class='ocrx_word' id='word_1_330' title='bbox 181 3714 318 3759; x_wconf 83' lang='lat' dir='ltr'><strong>possumus.</strong></span> <span class='ocrx_word' id='word_1_331' title='bbox 368 3700 545 3752; x_wconf 57' lang='lat' dir='ltr'><strong>initiabam.</strong></span> <span class='ocrx_word' id='word_1_332' title='bbox 566 3708 569 3715; x_wconf 95' lang='grc'><strong>’</strong></span> <span class='ocrx_word' id='word_1_333' title='bbox 595 3705 617 3752; x_wconf 81' lang='grc'><strong>5)</strong></span> <span class='ocrx_word' id='word_1_334' title='bbox 637 3702 698 3752; x_wconf 62' lang='lat' dir='ltr'><strong>&amp;du</strong></span> <span class='ocrx_word' id='word_1_335' title='bbox 714 3701 890 3746; x_wconf 70' lang='lat' dir='ltr'><strong>-viderisut</strong></span> <span class='ocrx_word' id='word_1_336' title='bbox 917 3698 1125 3746; x_wconf 75' lang='lat' dir='ltr'><strong>eoelestvide</strong></span> 
     </span>
     <span class='ocr_line' id='line_1_37' title="bbox 61 3772 1125 3831; baseline -0.006 -8"><span class='ocrx_word' id='word_1_337' title='bbox 61 3781 83 3827; x_wconf 81' lang='lat' dir='ltr'><strong>t)</strong></span> <span class='ocrx_word' id='word_1_338' title='bbox 101 3776 192 3822; x_wconf 79' lang='lat' dir='ltr'><strong>suar.</strong></span> <span class='ocrx_word' id='word_1_339' title='bbox 208 3776 224 3820; x_wconf 86' lang='lat' dir='ltr'><strong>l.</strong></span> <span class='ocrx_word' id='word_1_340' title='bbox 240 3777 267 3824; x_wconf 61' lang='lat' dir='ltr'><strong>s·</strong></span> <span class='ocrx_word' id='word_1_341' title='bbox 283 3775 357 3819; x_wconf 77' lang='lat' dir='ltr'><strong>Codri.</strong></span> <span class='ocrx_word' id='word_1_342' title='bbox 372 3787 465 3820; x_wconf 82' lang='lat' dir='ltr'><strong>eruere.</strong></span> <span class='ocrx_word' id='word_1_343' title='bbox 514 3776 536 3825; x_wconf 82' lang='lat'><strong>7)</strong></span> <span class='ocrx_word' id='word_1_344' title='bbox 556 3776 580 3820; x_wconf 85' lang='lat' dir='ltr'><strong>B.</strong></span> <span class='ocrx_word' id='word_1_345' title='bbox 595 3775 685 3820; x_wconf 76' lang='lat' dir='ltr'><strong>testati.</strong></span> <span class='ocrx_word' id='word_1_346' title='bbox 735 3778 757 3825; x_wconf 82' lang='grc'><strong>8)</strong></span> <span class='ocrx_word' id='word_1_347' title='bbox 775 3775 836 3826; x_wconf 76' lang='lat' dir='ltr'><strong>su.</strong></span> <span class='ocrx_word' id='word_1_348' title='bbox 848 3801 874 3809; x_wconf 99' lang='lat'>-</span> <span class='ocrx_word' id='word_1_349' title='bbox 886 3773 1064 3831; x_wconf 71' lang='lat' dir='ltr'><strong>appropinguat</strong></span> <span class='ocrx_word' id='word_1_350' title='bbox 1077 3772 1125 3818; x_wconf 82' lang='lat' dir='ltr'><strong>etc&#39;.</strong></span> 
     </span>
     <span class='ocr_line' id='line_1_38' title="bbox 61 3845 1125 3905; baseline -0.001 -12"><span class='ocrx_word' id='word_1_351' title='bbox 61 3856 83 3903; x_wconf 76' lang='grc'><strong>9)</strong></span> <span class='ocrx_word' id='word_1_352' title='bbox 96 3853 123 3895; x_wconf 75' lang='lat'><strong>(2.</strong></span> <span class='ocrx_word' id='word_1_353' title='bbox 137 3853 160 3897; x_wconf 88' lang='lat' dir='ltr'><strong>d.</strong></span> <span class='ocrx_word' id='word_1_354' title='bbox 173 3863 193 3895; x_wconf 89' lang='lat' dir='ltr'><strong>s.</strong></span> <span class='ocrx_word' id='word_1_355' title='bbox 204 3851 219 3894; x_wconf 78' lang='lat' dir='ltr'><strong>l,</strong></span> <span class='ocrx_word' id='word_1_356' title='bbox 231 3863 261 3894; x_wconf 89' lang='grc' dir='ltr'>ιιι.</span> <span class='ocrx_word' id='word_1_357' title='bbox 272 3861 295 3905; x_wconf 68' lang='lat' dir='ltr'><strong>g.</strong></span> <span class='ocrx_word' id='word_1_358' title='bbox 322 3848 382 3898; x_wconf 58' lang='lat' dir='ltr'><strong>&amp;dn</strong></span> <span class='ocrx_word' id='word_1_359' title='bbox 398 3849 493 3904; x_wconf 71' lang='lat' dir='ltr'><strong>durium</strong></span> <span class='ocrx_word' id='word_1_360' title='bbox 504 3848 547 3894; x_wconf 89' lang='lat' dir='ltr'><strong>illo</strong></span> <span class='ocrx_word' id='word_1_361' title='bbox 558 3861 584 3895; x_wconf 87' lang='lat' dir='ltr'><strong>se</strong></span> <span class='ocrx_word' id='word_1_362' title='bbox 597 3849 703 3893; x_wconf 76' lang='lat' dir='ltr'><strong>niernbro</strong></span> <span class='ocrx_word' id='word_1_363' title='bbox 714 3849 871 3895; x_wconf 84' lang='lat' dir='ltr'><strong>concessisse.</strong></span> <span class='ocrx_word' id='word_1_364' title='bbox 924 3851 955 3896; x_wconf 83' lang='lat' dir='ltr'><strong>tu)</strong></span> <span class='ocrx_word' id='word_1_365' title='bbox 969 3845 1029 3895; x_wconf 65' lang='lat' dir='ltr'><strong>Cur.</strong></span> <span class='ocrx_word' id='word_1_366' title='bbox 1044 3845 1125 3892; x_wconf 82' lang='lat' dir='ltr'><strong>etiam.</strong></span> 
     </span>
     <span class='ocr_line' id='line_1_39' title="bbox 63 3918 1124 3981; baseline -0.005 -12"><span class='ocrx_word' id='word_1_367' title='bbox 63 3929 95 3978; x_wconf 80' lang='lat' dir='ltr'><strong>ll)</strong></span> <span class='ocrx_word' id='word_1_368' title='bbox 116 3926 134 3969; x_wconf 78' lang='lat' dir='ltr'><em>c</em></span> <span class='ocrx_word' id='word_1_369' title='bbox 157 3925 343 3975; x_wconf 60' lang='lat' dir='ltr'><strong>&amp;tarnem</strong></span> <span class='ocrx_word' id='word_1_370' title='bbox 393 3925 426 3974; x_wconf 78' lang='lat' dir='ltr'><strong>la)</strong></span> <span class='ocrx_word' id='word_1_371' title='bbox 446 3922 594 3972; x_wconf 56' lang='lat' dir='ltr'><strong>edu-eal</strong></span> <span class='ocrx_word' id='word_1_372' title='bbox 608 3921 741 3969; x_wconf 82' lang='lat' dir='ltr'><strong>interram</strong></span> <span class='ocrx_word' id='word_1_373' title='bbox 770 3922 890 3972; x_wconf 73' lang='lat' dir='ltr'><strong>C.-est</strong></span> <span class='ocrx_word' id='word_1_374' title='bbox 941 3922 974 3981; x_wconf 70' lang='lat' dir='ltr'><strong>li)</strong></span> <span class='ocrx_word' id='word_1_375' title='bbox 992 3919 1053 3970; x_wconf 69' lang='lat' dir='ltr'><strong>Cri.</strong></span> <span class='ocrx_word' id='word_1_376' title='bbox 1070 3918 1088 3965; x_wconf 89' lang='lat' dir='ltr'><strong>l.</strong></span> <span class='ocrx_word' id='word_1_377' title='bbox 1102 3931 1124 3976; x_wconf 91' lang='lat' dir='ltr'><strong>p.</strong></span> 
     </span>
     <span class='ocr_line' id='line_1_40' title="bbox 62 3998 311 4054; baseline -0.016 -10"><span class='ocrx_word' id='word_1_378' title='bbox 62 4004 97 4050; x_wconf 72' lang='lat' dir='ltr'><strong>tt)</strong></span> <span class='ocrx_word' id='word_1_379' title='bbox 115 4000 176 4051; x_wconf 59' lang='lat' dir='ltr'><strong>&amp;ab</strong></span> <span class='ocrx_word' id='word_1_380' title='bbox 194 4008 250 4054; x_wconf 88' lang='lat' dir='ltr'><strong>rop.</strong></span> <span class='ocrx_word' id='word_1_381' title='bbox 265 3998 311 4040; x_wconf 84' lang='lat' dir='ltr'><strong>lac.</strong></span> 
     </span>
    </p>
   </div>
   <div class='ocr_carea' id='block_1_7' title="bbox 0 0 1301 4696">
    <p class='ocr_par' dir='ltr' id='par_1_7' title="bbox 0 0 1301 4696">
     <span class='ocr_line' id='line_1_41' title="bbox 0 0 1301 4696; baseline 0 0"><span class='ocrx_word' id='word_1_382' title='bbox 0 0 1301 4696; x_wconf 95' lang='lat' dir='ltr'><strong> </strong></span> 
     </span>
    </p>
   </div>
  </div>
 </body>
</html>
