2586 4696
545 304 663 386 1535?
895 356 897 360 Α
1052 316 1119 385 661·

62 477 98 534 ad
115 479 147 546 1)
164 477 263 535 finem.
294 477 370 536 Non
385 495 507 552 semper
522 491 683 552 possumus
699 490 766 533 esse
784 476 861 533 firmi
878 485 909 533 et
925 479 1037 545 fortes,
1060 492 1118 531 nec

43 636 45 641 Ι
61 585 182 641 semper
198 570 304 626 infirmi
322 578 351 625 et
369 570 505 640 fragiles,
528 570 581 626 sed
598 569 763 624 secundum
780 569 860 656 quod
878 568 935 636 iili,
960 568 1009 639 qui
1027 566 1120 634 spirat

61 661 113 714 ubi
132 672 161 714 et
177 660 295 732 quando
313 661 393 726 vult,
410 659 546 727 videtur,
569 669 601 714 ut
618 676 674 714 nos
692 659 804 713 erudiat
820 656 878 713 hac
895 657 1119 724 vicissitudine,

61 767 100 805 ne
119 751 214 818 sorte,
232 751 257 804 si
275 765 395 822 semper
413 748 488 804 firmi
505 765 664 814 essemus,
678 747 915 818 superbiremus,
934 758 983 801 aut
999 746 1024 800 si
1042 762 1122 801 sem.

63 856 118 911 per
141 839 247 894 infirmi
271 855 428 906 essemus,
450 839 687 908 desperaremus.
728 838 803 910 Inte
825 837 912 892 novit
924 837 1123 910 fiqmeutum

66 936 229 999 nostrum,
255 930 295 984 uit
312 929 430 995 David,
455 939 484 983 et
501 928 589 1003 quod
601 943 711 982 sumus
725 927 849 999 puluis,
870 936 901 982 et
916 936 988 981 tunc
1010 927 1120 998 optime

64 1018 228 1084 habemus,
252 1033 322 1072 cum
340 1028 369 1073 et
389 1018 445 1088 ipsi
464 1033 662 1087 agnoscamus
680 1032 823 1073 essenos
843 1015 1013 1086 figmentum
1036 1016 1126 1088 pians

21 1134 26 1139 ·
63 1107 304 1180 pulverulentum
320 1118 350 1162 et
367 1107 551 1178 pulvereum.
568 1105 596 1171 2)
789 1101 791 1107 ’

131 1245 188 1301 Sed
206 1245 277 1317 quid
293 1254 352 1300 tum
368 1245 460 1299 multa
477 1259 579 1298 coram
598 1251 644 1311 te,
667 1243 718 1314 qui
735 1242 845 1299 Christi
868 1246 923 1300 es?
956 1243 1025 1300 Nisi
1044 1242 1127 1315 quod

67 1337 158 1393 frater
173 1336 296 1391 fratrem
313 1334 425 1406 ulloqui
442 1343 595 1404 oporteat,
608 1329 639 1399 ³)
657 1343 687 1388 et
703 1348 810 1388 manus
829 1341 947 1389 mutuus
964 1334 1079 1389 tradere
1096 1333 1127 1390 in
1211 1368 1214 1372 ι

68 1430 127 1485 hac
142 1428 219 1482 ualle
242 1424 480 1496 lachrymarum,
502 1424 599 1478 donec
617 1423 730 1479 oriatur
754 1423 803 1479 illa
820 1425 899 1492 dies,
923 1439 1012 1497 quam
1034 1441 1128 1498 expe·

69 1529 196 1574 ctsmus.
237 1515 381 1570 salutabis
406 1522 580 1569 reverenter
611 1513 757 1584 optimum
784 1511 953 1586 Principem
977 1525 1079 1583 tuum,
1096 1512 1127 1582 ⁸)

70 1611 119 1665 cui
130 1607 325 1668 vehementer
335 1604 484 1674 gratutm,
501 1602 574 1657 Deo
591 1610 688 1671 teste,
704 1603 800 1658 istum*
808 1603 947 1677 spiritum
957 1605 1128 1678 Scripturas

68 1705 217 1753 amantem
224 1734 235 1764 ,
258 1706 428 1767 etprecor,
451 1702 484 1748 ut
500 1692 740 1747 benedictionem
758 1704 867 1748 tantum
888 1706 991 1765 augeat
1015 1695 1128 1767 inipso

73 1798 103 1842 et
120 1784 259 1841 omnibus
275 1781 362 1838 nobis
380 1790 463 1854 puter
476 1780 766 1842 misericordiarum,
783 1786 891 1845 Amen.
925 1782 1049 1854 Optime
1062 1784 1129 1841 vale

73 1878 103 1932 io
130 1876 237 1932 eodem
252 1872 389 1928 Domino
415 1887 485 1926 cum
508 1872 586 1938 tuis,
612 1881 642 1925 et
666 1888 718 1927 ora
740 1872 828 1927 simui
854 1888 909 1942 pro
934 1889 984 1929 me
1006 1891 1141 1948 quoque

70 1976 243 2040 peccatore.
274 1959 487 2034 Witeubergae
503 1961 552 2016 die
569 1958 600 2016 S.
616 1958 759 2031 Dauidis,
775 1960 974 2020 MDxxxv.

98 2080 100 2085 ’
641 2160 645 2165 .
742 2107 783 2164 Τ.
800 2105 951 2167 Murmur
967 2109 1101 2168 surae:

32 3732 40 3751 ,
120 3685 303 3737 unarum.
344 3685 476 3742 muris.
489 3692 535 3736 tou
549 3690 660 3735 nostrum
671 3699 703 3737 au
715 3686 1011 3753 ittttpnlvemlentum
1040 3688 1062 3742 3)
1075 3689 1130 3738 Au·

72 3759 121 3807 rit.
138 3759 227 3806 fratres
237 3761 344 3816 oportet.
1049 3763 1050 3766 ’

75 3895 305 3914 ῃ

78 4047 81 4051 .
111 3964 152 4061 r),
164 3991 798 4055 ostentorumntmaunuuaemm·
