2586 4696
603 318 696 389 1530.
1114 315 1178 403 ias

167 470 222 523 ω
234 470 286 519 le·
297 470 424 529 baalam
437 473 528 523 mett
540 474 575 523 litt
588 473 658 533 beet
671 477 711 523 tet
722 474 800 527 erim
809 475 838 527 s.
848 474 890 529 br.
898 472 972 530 stati
984 471 1179 527 antistitium

121 544 264 599 ulmeta
276 552 325 592 aaa
342 546 513 599 eitteattet
529 547 556 594 in
572 550 614 596 tm
632 549 725 599 uaso.
738 548 834 598 elada
853 548 910 597 tm.
930 548 962 598 a
975 547 1021 595 ὅτι
1047 543 1109 593 ltutb
1121 543 1180 593 tm.

120 616 152 667 0·
163 618 211 665 1⁶2.
227 616 287 667 wls
299 619 373 669 baben
385 618 550 667 aurifaber
561 620 604 669 ΙΙΙ.
615 620 751 676 emnildam.
770 620 871 673 mentio
884 622 925 673 lto
938 619 1031 669 welo
1044 618 1107 665 xxl.
1122 618 1178 666 12¹3.

142 747 349 807 Clrarr‘ssa‘mo
365 750 401 807 in
419 751 563 811 Domino
567 752 683 825 fratri
688 794 697 823 ,
715 751 869 825 Philippo
886 748 1154 817 Melunclrthoni,

368 858 461 899 seruo
477 851 508 898 et
522 844 680 919 discipulo
699 844 820 901 Christi
827 842 935 913 fideli.

119 970 274 1074 Gratiam
292 1028 324 1076 et
340 1036 445 1091 pacem
463 1021 492 1078 in
510 1022 640 1079 Cbriato.
673 1022 759 1081 Nihil
777 1033 838 1078 erat
851 1021 934 1095 quod
943 1018 1126 1083 scriberem,
1142 1017 1182 1072 mi

116 1107 282 1181 Philippe,
304 1111 362 1167 nisi
388 1112 469 1182 quod
487 1112 558 1168 huic
574 1113 641 1168 viro
658 1114 849 1169 serviendum
865 1113 940 1177 luit,
962 1110 1013 1182 qui
1032 1109 1103 1181 petit
1123 1110 1183 1163 llu.

114 1211 256 1269 gustam,
268 1200 374 1256 nescio
385 1201 427 1257 ob
439 1218 528 1274 quam
540 1213 672 1258 veterem
684 1219 803 1259 causam
815 1218 885 1258 cnm
895 1200 1035 1258 Ducibus
1046 1197 1185 1253 Meclel.

116 1287 258 1358 burgicis
267 1327 278 1355 ,
288 1300 414 1344 caetera.
449 1289 481 1347 Is
493 1291 685 1363 pertinaciter
695 1308 743 1346 me
756 1291 885 1362 rogavit,
902 1301 935 1346 ut
945 1289 988 1345 D.
1000 1286 1184 1343 Cancellario

115 1394 191 1434 eum
208 1380 468 1435 commendarem.
500 1380 568 1451 Ego
587 1398 659 1437 vero
668 1421 679 1450 ,
696 1384 746 1454 qui
760 1381 822 1437 hoc
834 1391 952 1451 tempus
964 1379 1071 1434 talibus
1082 1375 1184 1433 caruis

113 1468 257 1541 iniquum
270 1483 336 1523 ease
349 1470 432 1538 scio,
449 1470 559 1526 invitus
576 1470 665 1525 facio.
698 1471 831 1543 Ideoque
845 1470 896 1525 tibi
908 1486 977 1525 eum
990 1467 1182 1537 commendo,

113 1568 149 1615 nt
166 1573 241 1613 eum
253 1556 344 1628 juves
361 1575 417 1630 pro
435 1575 469 1613 re
486 1571 517 1613 et
533 1560 711 1626 occasione,
728 1569 777 1616 aut
794 1559 963 1615 dehorteris
981 1559 1090 1630 potius.
1123 1555 1183 1613 Est

115 1647 196 1702 civis
214 1644 496 1716 Schmidbergensis
512 1647 659 1704 Matthias
677 1650 797 1716 Auner,
822 1658 904 1720 pater
927 1639 1077 1720 poetissue
1098 1646 1184 1702 sibu.

115 1736 216 1804 tinec,
232 1752 325 1808 quam
342 1738 438 1805 nosti,
456 1738 501 1790 vir
517 1751 588 1793 eane
605 1737 782 1808 inculpatus.

182 1826 213 1892 ¹)
230 1825 313 1881 Mira
332 1837 379 1881 est
396 1826 531 1882 omnium
549 1844 565 1882 e
583 1827 780 1897 Witenberga
802 1827 840 1881 de
864 1825 958 1902 literis
977 1825 1054 1880 meis
1072 1824 1107 1878 ud
1124 1838 1182 1880 voa

119 1914 241 1987 scriptia
266 1915 410 1984 evulgatis
433 1916 563 1987 querela.
591 1916 621 1975 ’l
667 1916 748 1972 Tota
773 1917 859 1988 culpa
882 1915 912 1970 in
935 1915 1108 1983 magistrum
1132 1911 1184 1968 Vi.

120 2014 183 2061 tum
202 2000 251 2070 ”)
268 2005 456 2059 transfertur.
488 2005 519 2060 Is
537 2005 703 2074 indignatur
719 2016 748 2059 et
764 2005 872 2077 patitur
885 2003 1040 2075 injuriam,
1063 2003 1116 2058 sed
1134 2002 1182 2058 alii

116 2090 235 2165 cuper
246 2090 363 2146 Muller
379 2103 537 2162 accusant,
555 2094 606 2165 qui
624 2093 722 2150 omnia
739 2109 779 2148 ex
795 2093 944 2164 Magistro
960 2092 1104 2148 Eisleben
1121 2093 1185 2149 sust

116 2183 253 2250 furatur,
282 2191 311 2236 et
328 2181 461 2253 Lipsiam
478 2182 521 2239 D.
539 2184 673 2238 Stromer
690 2182 789 2238 mittit.
823 2183 873 2238 Sic
890 2183 1026 2255 procedit
1045 2199 1182 2245 commu.

114 2271 419 2340 uicatio'literarum,
445 2281 474 2327 et
490 2274 565 2328 alter
582 2275 705 2328 alterum
718 2274 806 2344 jubet
822 2275 937 2342 celare,
956 2275 1053 2329 donec
1070 2275 1182 2346 passim

115 2363 145 2419 in
161 2361 333 2419 hostilibus
350 2363 485 2418 manibus
503 2364 764 2429 circumferantur,
782 2365 832 2437 qui
849 2365 1006 2436 tripudiant
1023 2366 1059 2419 de
1076 2375 1181 2420 nostra

115 2469 207 2509 causa
225 2455 277 2518 (ut
289 2458 414 2516 vocant)
432 2453 508 2507 male
525 2451 672 2521 habente,
690 2455 772 2508 etde
791 2453 919 2527 Philippi
931 2455 1047 2509 tristitia
1061 2464 1181 2509 etcurs.

117 2544 184 2599 lloc
203 2554 272 2598 tum
289 2542 370 2597 dolet
388 2553 416 2596 et
434 2543 492 2598 urit
507 2543 785 2611 ll'itenbergensea.
804 2572 807 2579 ·
825 2545 892 2599 Hoc
916 2545 1039 2606 scribo,
1064 2542 1088 2597 si
1109 2543 1182 2614 qnid
1209 2574 1212 2579 ·

119 2637 194 2690 forte
212 2636 243 2689 in
262 2633 311 2688 bis
329 2634 426 2687 velitis
443 2634 640 2688 emendatum.
674 2633 740 2701 Ego
765 2649 847 2688 meas
872 2634 972 2688 literas
996 2634 1180 2687 circumferri

121 2736 167 2780 aut
183 2722 331 2794 publicari
350 2722 422 2778 nihil
440 2739 522 2776 curo·
557 2722 675 2777 Deinde
693 2722 868 2778 adversariis
885 2723 1012 2776 libenter
1028 2725 1132 2787 sareu,
1149 2733 1183 2785 ut

123 2814 287 2886 tripudient
304 2827 372 2866 ante
391 2813 565 2880 victoriam,
591 2822 623 2866 ut
641 2812 788 2867 hactenus
805 2828 927 2881 semper
943 2815 1097 2881 lecerunt,
1123 2813 1181 2866 lae.

122 2917 230 2968 tames,
247 2919 319 2958 cum
336 2902 572 2970 malefecerunt,
590 2913 619 2957 et
632 2904 796 2958 exultantes
809 2902 838 2957 iu
852 2903 929 2957 malo
942 2903 1054 2970 alieno,
1071 2912 1104 2958 ut
1115 2921 1180 2977 per.

122 3005 186 3049 eant
204 2992 341 3048 funditus
358 3002 387 3046 et
407 2991 434 3045 in
453 3000 615 3047 aeternum.

183 3083 263 3138 Aliis
282 3099 341 3138 nou
360 3081 483 3135 vacabat
499 3079 641 3136 scribere.
674 3081 738 3135 Hac
762 3088 851 3134 nocte
874 3095 943 3136 curn
960 3081 1055 3139 dentis
1074 3081 1178 3139 dolore

121 3186 248 3230 rexatus
263 3185 293 3227 et
304 3173 478 3227 molestatus
492 3170 541 3225 lui.
574 3171 671 3226 Anxie
683 3187 738 3225 voe
751 3181 896 3242 exspecto
912 3173 1054 3240 reduces,
1072 3174 1180 3230 deinde

123 3267 200 3320 scire
226 3264 369 3335 cupiens,
393 3261 466 3332 quid
483 3260 599 3315 interim
616 3261 752 3315 Christus
771 3272 840 3314 etun
857 3261 1051 3319 daemonibus
1069 3264 1181 3319 vestris

123 3354 224 3426 egerit.
266 3354 360 3425 Spem
382 3352 503 3423 quidem
528 3366 632 3421 pacem
656 3345 826 3421 politicam,
853 3352 907 3407 sed
932 3351 1095 3411 infirmiter.
1129 3354 1181 3410 De

166 3576 188 3622 t)
208 3571 266 3619 mas
278 3570 381 3622 fulgente
395 3570 435 3617 bct
449 3566 512 3617 iden
525 3566 665 3623 schlegel
684 3566 735 3617 uita
747 3566 851 3626 lanigeri
864 3581 888 3630 p.
901 3570 946 3617 auu
960 3570 998 3619 att
1014 3571 1177 3623 attenuato

123 3648 173 3693 uo
185 3648 246 3697 abne
260 3643 355 3696 uocata
368 3642 407 3689 bel
420 3640 585 3694 sustineret.

167 3855 191 3902 ε)
211 3845 407 3897 maneremus
420 3846 514 3891 suram
528 3845 562 3891 ao
576 3843 670 3890 traam
682 3851 726 3891 sm
740 3819 864 3896 ,aralius
882 3844 991 3899 mantea.
1005 3845 1061 3892 rso.
1084 3845 1177 3898 netur,

123 3926 244 3978 meeum
258 3920 341 3972 metata
355 3920 401 3968 uu
413 3928 443 3964 cn
458 3919 517 3969 ittae
530 3919 634 3971 secante
649 3919 673 3963 in
687 3920 811 3975 utinense
826 3920 889 3971 t'tltaa
906 3918 1118 3972 tricesimum

163 4000 201 4053 ”t
218 3997 273 4048 ‘err
286 3997 327 4045 atu
340 3994 364 4044 ε.
378 3993 404 4040 in
418 3992 509 4047 etium
523 3991 681 4043 umanumtit
690 3999 747 4039 taut.
