2586 4696
121 295 185 373 ⁶⁰0

119 456 229 522 fatear,
241 456 332 511 -etin
350 473 383 512 re
404 455 466 529 ipsa
486 471 540 512 seu
556 457 700 512 sententia
721 454 794 514 nihil
811 455 936 512 videam
952 453 984 524 ¹)
1009 456 1182 529 ancienne,

117 545 187 600 licet
204 561 260 600 nos
278 547 340 600 aliis
356 547 456 602 verbis
473 559 605 602 utamur:
632 547 736 600 frustra
757 548 802 614 (ut
820 546 922 616 ajunt)
951 549 1149 604 contenditur
1157 547 1183 609 ²)

119 635 155 686 aie
173 637 310 703 nomine,
330 636 380 690 ubi
400 637 435 690 de
453 635 563 706 reipsa
585 636 770 689 convenerit.
786 632 816 700 ³)
844 634 1059 706 Baptismum
1077 652 1184 709 quoqne

116 726 311 797 parvulorum
337 743 404 779 esse
434 726 509 796 apud
538 740 595 779 vos
623 739 797 796 cprreomm
823 724 912 779 vaide
948 727 1053 794 gavisi
1083 741 1184 782 sumu·

116 812 223 871 Nam
216 815 280 868 istis
296 815 412 869 duobus
428 815 618 870 sacramentis
633 825 715 870 recte
735 814 858 869 retentis
875 814 969 871 facile
988 817 1100 872 narnia
1117 827 1186 887 pou·
1223 856 1225 901 Α

116 916 185 961 runt
206 906 339 966 retineri,
359 903 873 975 utipsiiratreslatiusnarrabatnt.
907 904 1026 979 Quare
1038 906 1225 973 nihileis,

116 995 199 1065 quod
218 993 397 1060 dubitetis,
396 987 422 1056 >
450 993 573 1048 donec
567 1004 677 1046 ttavoa
697 991 876 1062 nobiscum,
901 998 1011 1050 eono's
1032 996 1185 1066 vobiscum

116 1083 316 1138 communiter
335 1085 498 1150 sentimus,
526 1084 593 1153 quia
619 1083 735 1137 sincera
762 1091 864 1141 nostra
889 1100 968 1150 erga
994 1086 1062 1140 vo's
1087 1100 1184 1142 omnes

115 1175 209 1229 simus
227 1173 346 1226 caritate
368 1173 467 1237 usuri,
494 1172 548 1227 etsi
575 1172 604 1228 in
630 1173 767 1228 aiter-utra
784 1182 868 1243 parts
887 1173 1006 1244 aliquid
1027 1177 1091 1230 vitii
1108 1175 1186 1230 tuens

114 1264 162 1328 (ut
183 1271 250 1330 sont
277 1279 336 1316 non
364 1279 468 1316 omnes
496 1261 588 1315 sancti
616 1261 643 1315 in
673 1258 730 1314 hec
759 1263 819 1316 vita
846 1262 1009 1331 perfecti).
1057 1265 1183 1322 Invicem

114 1351 275 1408 christiana
292 1344 322 1416 ⁵)
341 1352 475 1419 patientia
490 1351 661 1406 toleremus.
695 1351 823 1405 Abunde
840 1351 915 1407 satis
935 1364 1052 1410 sancta
1066 1366 1117 1411 est
1132 1354 1183 1410 Ec.

115 1441 206 1495 clesia
227 1440 389 1507 catholica,
416 1442 440 1495 si
467 1440 522 1494 fide
548 1450 576 1494 et
605 1440 738 1495 doctrina
762 1440 801 1495 sit
825 1440 1001 1512 unanimis,
1031 1461 1137 1502 mores
1159 1455 1182 1499 et

113 1531 188 1586 ritus
214 1528 275 1600 ipsa
290 1530 453 1585 necessitas
471 1529 551 1596 cogit
574 1546 644 1585 csse
661 1530 805 1589 diversos.
839 1529 889 1584 Sic
910 1532 1001 1587 enim
1019 1534 1134 1591 docent
1156 1545 1183 1590 et

112 1619 248 1675 scribunt
265 1618 319 1690 ipsi
331 1619 480 1688 Apostoli.
514 1618 560 1673 Sic
574 1621 636 1689 ipse
647 1618 782 1673 corinna
793 1618 881 1688 jtrbet
896 1621 1049 1680 tratribus
1064 1625 1180 1690 remitti,

113 1709 277 1763 dummodo
291 1702 324 1771 ⁶)
341 1709 368 1763 in
389 1708 510 1762 Christo
526 1707 584 1762 sint
603 1719 631 1762 et
648 1717 800 1776 maneant,
826 1712 860 1762 et*
868 1725 927 1763 nos
946 1726 1028 1768 sane
1043 1730 1178 1784 urgemus

114 1799 333 1854 distinctionem
356 1798 506 1852 doctrinae
532 1809 560 1851 et
583 1798 659 1851 vitae
687 1813 775 1868 quam
809 1797 992 1856 fortissime.
1037 1803 1178 1858 Doctrina

114 1888 250 1943 facitne}
273 1888 452 1941 christianos
472 1885 519 1940 vel
539 1884 726 1953 haereticos,
747 1885 804 1938 vita
824 1885 897 1940 facit
918 1886 969 1940 vet
993 1902 1121 1947 sanictos
1137 1893 1177 1946 vei

112 1979 276 2049 profanos*
291 1976 403 2048 profani
423 1975 620 2045 corripiantur
640 1985 668 2029 et
687 1976 898 2032 excludamur:
924 1977 982 2033 sed
1002 1985 1056 2044 (ut
1069 1981 1177 2038 Paulas

114 2066 217 2127 docet)
244 2077 341 2120 tamen
368 2075 399 2118 ut
427 2066 532 2118 fratres
555 2076 749 2128 moneantur,
780 2075 807 2117 et
830 2081 890 2119 non
917 2066 1114 2136 abjiciantur.
1146 2071 1178 2127 ln

114 2155 234 2210 Christo
259 2155 334 2208 bene
354 2154 468 2220 valete,
497 2162 526 2207 et
553 2165 635 2207 orate
660 2147 714 2224 nro
733 2153 840 2221 nobis,
870 2153 950 2210 sicut
967 2173 1033 2216 nos
1061 2175 1177 2223 onmis

112 2263 170 2320 pm
189 2245 285 2300 vobis.
317 2244 479 2300 Dominica
493 2241 623 2298 Jubiiats
633 2282 643 2311 ‚
662 2259 740 2298 anno
755 2243 956 2301 Mnxxxv.

736 2347 777 2404 T.
792 2348 945 2406 Martinus
962 2350 1091 2412 Luther
1105 2355 1147 2414 D.

146 2687 189 2742 22.
208 2681 321 2748 stitit.
630 2639 634 2647 ¹
788 2680 846 2738 No.
863 2682 1150 2750 atncxxxvm.

492 2815 540 2882 iit
571 2811 785 2902 &salatia

277 2956 376 3008 metrifft
389 2957 455 3004 emm
469 2957 626 3009 commatrum
640 2955 749 3008 sarnam
763 2958 809 3003 aas
822 2957 872 3003 tine
885 2958 1011 3012 suescant.

112 3163 349 3221 &sinnadensis
357 3165 403 3213 245.
429 3165 528 3213 venitm
541 3165 688 3215 tiammo
702 3165 764 3209 xxi.
779 3166 835 3213 1266.
861 3166 919 3219 sat
930 3167 1068 3221 Comen
1077 3179 1180 3227 2.ssss

454 3237 729 3284 unbAurifaberiH.
744 3238 761 3282 i
774 3240 821 3284 219.

113 3345 324 3403 Venerabili
312 3368 345 3403 an
360 3350 487 3407 Christo
501 3352 593 3418 Viro,
606 3352 649 3406 D.
665 3354 804 3426 Georqio
817 3354 1007 3427 spalatino,
1024 3365 1181 3423 ministro

266 3438 402 3507 Christi,
418 3456 476 3494 suo
494 3442 631 3509 quori
644 3449 676 3507 et
680 3442 793 3513 fratri
809 3442 1019 3505 charissimo.

112 3538 256 3638 Gratiam
274 3596 302 3639 et
315 3602 417 3657 pacem
436 3586 462 3640 in
477 3585 610 3642 Christo.
647 3591 867 3646 commendasti
879 3554 953 3647 inihi
971 3594 1081 3655 virum
1094 3603 1182 3658 istum

110 3675 267 3746 Herbipoli
292 3672 597 3748 migratuma‘nptime
621 3680 783 3752 spalatinae:
811 3682 915 3735 faciam
940 3689 1031 3755 quod
1058 3703 1181 3761 potero.

162 3893 373 3943 osannam
422 3883 703 3943 nont.n.cnntennti.
747 3897 1027 3949 neminemnam
1078 3907 1179 3961 oca

112 3965 235 4012 dubitatis.
284 3970 307 4019 5)
321 3967 379 4014 cod.
389 3968 416 4012 Η.
431 3966 532 4014 inviam
546 3966 707 4018 christianam.
757 3972 779 4022 6)
794 3969 854 4022 603.
869 3982 923 4017 cum
936 3974 1026 4024 modo.
