2594 4696
511 322 601 387 tatu
1025 314 1086 385 tal

38 472 91 530 ttic
107 476 245 539 vexari.
274 477 362 551 quia
388 476 486 534 credis
509 477 542 534 in·
563 479 733 535 Christum:
763 475 848 534 vides
873 477 969 546 enim,
995 492 1086 548 quam

36 578 111 621 aaut
131 578 164 621 et
179 568 301 623 tactos
324 584 401 624 esse
421 568 487 624 sinit
503 568 609 626 hostes
633 570 850 624 infensissimos
867 569 894 634 ¹)
916 568 1085 637 Evangelii,

15 702 18 709 .
35 664 119 725 tatu,
134 654 291 715 Eccium
303 697 317 726 ,
338 658 522 727 zuinglium
539 669 569 714 et
586 659 672 713 alios.
706 660 834 729 Oportet
851 675 907 715 nos
921 658 1086 713 Diabolum

14 718 98 811 hiera
114 748 360 804 adversarium
387 758 417 804 et
433 747 572 818 hostem,
597 765 701 805 omnes
720 749 770 821 qui
794 764 897 806 sumas
915 749 1087 815 Christiani,

13 824 259 907 :multimodum
280 838 405 895 Petrus
429 838 537 909 inquit:
559 839 781 899 Adversarius
805 846 906 895 aester
926 837 1086 895 Diabolus

13 940 16 949 ·
32 926 131 983 dama
142 935 208 985 etc.
254 929 398 1001 Optime
408 930 600 1001 ilierouyme,
618 930 707 984 debes
719 931 845 999 gaudere
859 931 914 985 iata
926 930 1086 986 tentatione

10 1018 14 1061 ι’
31 1014 123 1089 lusti,
141 1020 225 1093 quia
240 1029 379 1075 certum
390 1018 507 1087 siguum
520 1029 582 1088 est,
599 1030 629 1074 te
642 1021 803 1091 propitium
818 1030 847 1075 et
860 1020 1087 1076 misericordem

30 1104 100 1164 lbere
114 1108 247 1165 Deum.
293 1108 414 1175 Dices:
432 1109 555 1163 tentatio
573 1108 620 1162 illa
638 1110 755 1178 gravior
771 1122 833 1177 est,
851 1126 939 1183 quam
956 1120 990 1165 ut
1006 1111 1086 1164 ferre

28 1199 106 1269 raab,
123 1210 157 1255 et
175 1198 339 1265 vereris,
358 1214 395 1251 ne
411 1206 440 1251 te
458 1198 502 1252 sic
520 1200 633 1265 frangat
650 1206 678 1252 et
695 1202 858 1270 opprimat,
880 1209 913 1254 ut
933 1200 962 1254 in
980 1199 1087 1270 despe.

22 1270 136 1345 ¹tuiuuern
165 1298 200 1343 et
220 1287 459 1359 blasphemiam
484 1287 607 1342 incidas.
641 1286 722 1343 Novi
748 1289 826 1344 hanc
852 1289 992 1345 technam
1013 1289 1087 1345 Dia.

27 1376 75 1435 tat:
96 1380 250 1451 siquem
270 1378 379 1450 primo
404 1377 516 1447 impetu
539 1378 707 1432 tentationis
728 1396 789 1432 non
811 1390 909 1451 potest
931 1380 1085 1449 frangere,

25 1485 72 1525 tata
90 1469 280 1526 assiduitate
305 1458 435 1521 conattm
456 1467 575 1535 fatigare
598 1478 627 1522 et
650 1468 821 1536 debilitare,
844 1479 878 1524 ut
899 1469 982 1524 cadat
999 1469 1031 1534 ²)
1055 1482 1086 1525 et
1107 1474 1114 1487 ¹

26 1561 160 1615 evictam
180 1574 263 1615 esee
282 1559 422 1612 fateatur.
455 1556 584 1612 Proinde
598 1559 716 1629 quotics
732 1558 783 1611 tibi
803 1560 923 1614 tentatio
936 1560 990 1615 ista
1009 1561 1087 1615 acci.

24 1650 98 1719 ierit,
114 1666 262 1716 caveas,
280 1664 322 1703 ne
340 1647 567 1717 disputationem
587 1664 656 1701 cum
673 1645 702 1714 ³)
721 1648 852 1702 ‘Diabuio
871 1649 1019 1712 instituas,
1037 1660 1087 1707 aut

24 1740 250 1809 cogitationibus
270 1738 340 1793 istis
363 1738 526 1792 mortiferis
552 1737 712 1807 indulgeas.
747 1737 815 1792 liuc
839 1738 918 1792 enim
943 1738 1014 1794 nihil
1039 1749 1086 1795 est

24 1828 103 1898 aad,
121 1846 222 1902 quarn
242 1829 373 1883 credere
390 1828 520 1883 Diabolo
538 1837 568 1882 et
584 1827 793 1882 succumbere.
828 1827 885 1882 Sed
898 1844 1020 1899 operam
1037 1828 1087 1882 da.

14 1914 77 1987 dit,
101 1930 134 1976 ut
159 1918 339 1975 fortissime
363 1918 431 1972 istas
453 1917 646 1987 cogitationes
668 1917 816 1972 immissas
835 1934 850 1971 a
866 1917 998 1972 Diabolo
1016 1934 1089 1972 con.

24 1992 139 2065 hanes.
176 2011 363 2065 Contetutus
388 2008 416 2062 in
440 2008 500 2062 hoc
523 2025 632 2077 genere.
657 2008 825 2062 tentationis
850 2016 879 2062 et
904 2023 1017 2079 pugnae
1040 2018 1088 2063 est

26 2100 125 2171 aptium
143 2112 175 2156 et
196 2098 340 2154 facillima
358 2099 432 2153 ratio
448 2098 583 2153 vincendi
603 2098 782 2165 Diabolum,
807 2109 835 2152 et
859 2098 906 2152 fac
924 2099 1021 2154 rideas
1039 2100 1088 2153 ad.

27 2192 186 2247 marium
199 2201 233 2245 et
245 2204 392 2260 quaeras,
410 2205 480 2242 cum
491 2205 552 2260 quo
571 2188 779 2244 confabularis.
791 2182 821 2256 4)
855 2188 1048 2245 Solitudinem
1057 2182 1087 2255 ⁵)

28 2278 115 2335 nudis
132 2278 281 2335 omnibus
299 2279 408 2349 fugito,
435 2289 498 2333 tum
516 2279 595 2333 enim
613 2281 803 2351 potissimum
822 2281 956 2352 decaptat
972 2290 1000 2333 et
1019 2280 1089 2335 insi.

28 2367 135 2433 taur,
152 2386 229 2424 cum
247 2384 280 2424 es
299 2370 393 2423 solua.
427 2368 572 2423 Ludendo
591 2382 619 2423 et
637 2373 855 2426 contemnendo
875 2371 925 2425 hic
939 2370 1088 2424 Diabolus

28 2458 175 2527 vincitur,
202 2477 263 2514 nou
283 2459 448 2514 resistendo
466 2471 496 2514 et
517 2461 702 2531 disputando.
737 2461 887 2516 Miscebis
911 2460 998 2530 igitur
1015 2460 1088 2529 joca

29 2549 159 2603 ettudos
177 2566 250 2602 cum
267 2565 365 2603 uxore
383 2564 466 2617 mea,
494 2562 523 2604 et
546 2552 691 2618 caeteris,
719 2569 779 2622 quo
803 2550 999 2619 cogitationes
1023 2548 1088 2601 illas

29 2637 190 2694 diabolicas
209 2640 292 2693 fallas
311 2652 340 2694 et
357 2641 438 2695 bono
457 2641 502 2695 fac
523 2642 564 2694 sis
585 2642 699 2706 animo,
723 2642 762 2694 mi
781 2641 971 2708 ilieronyme.
1005 2638 1088 2691 Haec

28 2731 149 2784 tentatio
168 2730 264 2799 magis
283 2730 335 2784 tibi
354 2743 399 2784 est
416 2733 604 2795 necessaria,
622 2748 712 2803 quum
731 2731 816 2785 cibus
835 2742 864 2784 ct
878 2742 976 2798 potua.
1009 2725 1088 2781 Volo

30 2819 75 2873 tibi
87 2837 351 2888 commemorare,
371 2823 440 2892 quid
454 2823 525 2876 mihi
538 2823 625 2889 olim,
645 2837 712 2874 cum
729 2837 827 2874 essem
839 2821 895 2873 hac
908 2829 1000 2872 aetate
1014 2819 1088 2884 fere,

32 2913 486 2983 qmtummcm‚aoefflmm
522 2909 1091 2984 Cmnpmmmstnummmmmmea

34 3012 92 3052 tem
110 3002 284 3069 profectus,
304 3003 419 3068 evenit,
438 3016 469 3057 ut
486 3020 605 3074 semper
617 3002 706 3056 tristis
721 3015 747 3055 et
760 3011 894 3053 moestus
908 2999 1092 3067 incederem,

35 3104 83 3143 nec
95 3102 235 3161 poteram
249 3092 393 3146 tristitiam
406 3092 483 3147 iliam
496 3094 656 3162 deponere.
692 3091 885 3166 Quapropter
896 3088 1089 3143 consulebam

38 3191 58 3233 et
74 3181 243 3235 confitebar
258 3182 388 3236 Ductori
407 3183 567 3254 Staupitio‚
594 3184 679 3251 cujus
700 3181 754 3234 riri
773 3179 898 3234 libenter
915 3178 991 3233 facio
1009 3189 1091 3237 mem

38 3269 160 3339 tionem,
181 3272 268 3340 eique
286 3272 471 3342 aperiebam,
497 3289 585 3340 quam
603 3271 768 3324 horrendas
787 3282 815 3323 et
832 3268 977 3324 terrificas
993 3263 1020 3334 ⁶)
1039 3286 1091 3322 co.

39 3361 186 3425 gitationes
212 3359 367 3414 haberem.
401 3362 483 3415 Tum
502 3361 565 3415 illc:
594 3360 725 3426 Nescis,
750 3359 898 3425 Martiae,
924 3374 1012 3427 qttam
1038 3357 1089 3414 tibi

39 3450 75 3506 illa
92 3452 218 3505 tentatio
237 3452 275 3505 sit
292 3451 368 3505 utilis
388 3462 417 3504 et
439 3451 618 3505 necessaria.
652 3450 724 3504 Non
750 3450 828 3503 enim
853 3463 964 3503 temere
991 3461 1020 3502 te
1045 3448 1090 3503 sic

41 3553 154 3595 exercet
169 3541 275 3607 Deus,
294 3539 427 3607 videbis,
445 3542 525 3610 quod
544 3541 643 3592 adres
662 3555 780 3605 magnas
798 3539 942 3605 gerendas
959 3548 988 3591 te
1006 3538 1091 3591 mini.

40 3640 91 3683 stro
104 3641 216 3684 utetur.
251 3632 357 3700 Aeque
368 3621 396 3696 7)
410 3630 448 3683 ita
461 3629 575 3682 accidit.
612 3628 688 3683 Nam
702 3633 757 3696 ego
777 3644 900 3697 tllttgnus
918 3628 1000 3693 (licet
1012 3629 1090 3681 enim

395 3774 560 3786 -n—

76 3858 99 3901 tt
119 3854 197 3900 W.0.
213 3855 238 3899 C.
247 3856 275 3899 G.
291 3853 470 3899 infestissimos.
520 3857 542 3903 'll
561 3854 600 3898 W.
610 3853 636 3899 0.
652 3855 711 3898 QG.
734 3855 810 3899 sedat.
860 3855 883 3903 3)
906 3851 1036 3909 eabae:
1057 3850 1090 3899 itt.

39 3928 314 3974 ttc.0.eontabuleris,
337 3928 501 3973 stabularis.
529 3928 867 3983 W.O.qtturumfabttlrris.
917 3930 940 3976 5)
955 3926 1014 3972 C.G.
1029 3924 1087 3972 soli·

39 4000 384 4057 mmmnmwwm
434 3999 1067 4063 adstammm.bwbstdmm
