2586 4696
112 280 173 346 150
591 284 680 349 isso.
769 363 773 367 .

177 437 289 494 Verum
310 439 372 496 boc
396 441 508 496 donum
524 438 604 508 Dei,
621 457 691 513 prae
708 438 851 507 canens,
877 438 907 492 in
928 445 959 492 te
982 430 1170 504 singulariter
1221 431 1223 438 '

111 544 181 598 amo
198 540 227 584 et
244 547 389 598 veneror,
416 531 497 604 quod
517 531 663 602 justitiam
685 528 753 586 iidei
777 542 836 597 tam
860 525 987 583 fideliter
1002 533 1033 579 et
1048 523 1168 580 sincere

110 626 202 688 urges
215 620 244 675 in
257 608 397 677 omuibus
413 623 530 691 scriptis
547 622 615 676 tuis.
649 621 706 677 llic
719 621 811 689 locus
828 619 907 672 enim
925 626 1014 688 caput
1030 623 1063 669 et
1078 628 1168 682 ungu.

109 709 179 764 laris
193 709 267 781 lupis
279 722 342 774 est,
360 712 409 781 qui
421 711 504 767 solus
515 711 686 767 Ecclesiam
698 709 758 767 Dei
769 707 877 780 gignit,
893 707 1005 774 nutrit,
1023 703 1167 767 scililicet,

111 808 226 867 servat,
244 799 390 869 defendit,
406 819 441 856 sc
458 802 524 857 sine
541 818 578 855 eo
595 800 731 857 Ecclesia
751 799 808 854 Dei
825 815 887 853 non
904 804 1006 868 potest
1023 810 1081 849 uns
1092 791 1168 847 bore

110 887 294 959 subsistere,
311 890 390 946 sient
407 892 485 945 nosti
501 901 532 946 et
548 889 651 946 sentis.
686 893 787 958 Atque
802 887 876 942 sdeo
890 891 934 942 sic
947 885 1053 940 instast
1071 890 1168 953 neque
1221 935 1223 937 ,

112 978 190 1033 enim
208 979 365 1052 quisquam
383 991 465 1036 recte
483 982 591 1037 docere
609 990 708 1053 potest
735 978 763 1033 in
782 976 937 1044 Ecclesia,
963 992 1020 1030 trec
1043 973 1094 1030 ulli
1120 973 1169 1026 ad.

110 1072 244 1122 versario
269 1069 396 1124 feliciter
418 1070 573 1138 resistere,
598 1069 649 1142 qni
674 1067 756 1123 huno
779 1065 898 1132 locum,
923 1079 977 1121 seu
999 1064 1041 1120 uti
1058 1060 1171 1118 Paulus

55 1149 57 1152 ’
112 1159 256 1230 appellat,
280 1157 364 1214 lianc
381 1175 499 1215 sanum
516 1157 699 1215 doctrinam
714 1172 780 1212 non
796 1155 951 1222 renuerit,
976 1154 1025 1208 vel
1043 1162 1075 1206 ut
1090 1145 1169 1205 idetis

15 1280 21 1290 ,
112 1247 182 1309 dicit
200 1247 330 1314 Paulus,
354 1255 455 1305 tenax
477 1250 546 1317 ejus
556 1247 676 1319 suerit.
711 1246 865 1320 Quocirca
889 1242 1007 1317 saepius
1031 1253 1061 1296 et
1078 1257 1170 1311 paene

112 1353 183 1391 cum
206 1337 405 1407 indignatione
429 1339 578 1400 admiror.
604 1337 757 1409 quomodo
775 1335 818 1392 D.
835 1335 1036 1404 Hieronymus
1059 1348 1171 1390 nomen

110 1426 258 1485 Ductoris
282 1427 454 1497 Ecclesiae,
481 1440 510 1482 et
536 1429 683 1498 Origenes
710 1425 846 1497 Magistri
870 1424 1074 1483 Ecclesiarnm
1102 1433 1173 1492 post

112 1518 278 1591 Apostolos
295 1520 476 1589 meruerint,
502 1536 571 1574 cum
596 1520 625 1573 in
651 1529 777 1590 utroque
800 1529 903 1572 autore
924 1532 994 1572 uon.
1003 1515 1090 1570 facile
1109 1523 1171 1570 tres

112 1624 220 1664 versus
237 1609 391 1675 invenias,
407 1609 445 1664 de
464 1608 528 1664 lidei
542 1609 656 1680 justitie
674 1609 837 1676 docentes,
858 1622 959 1679 seque
975 1603 1173 1661 christianum

113 1698 208 1754 ullum
225 1699 325 1754 lucere
342 1716 433 1770 queas
452 1716 492 1755 ex
509 1699 656 1755 universis
674 1702 829 1769 utriusque
841 1697 970 1768 scriptis.
1004 1695 1054 1750 Sic
1066 1710 1174 1763 ragan.

113 1800 164 1844 tur
180 1789 327 1858 allegoriis
346 1804 446 1843 rerum
464 1801 628 1858 gestarum,
653 1795 704 1843 aut
724 1789 879 1856 capiuntur
900 1784 1017 1855 pompis
1034 1799 1174 1855 opernm.

114 1877 225 1950 Neque
243 1879 315 1933 alius
332 1878 437 1935 fuisset
454 1880 483 1932 S.
502 1878 706 1945 Augustinus,
729 1875 786 1932 nisi
801 1874 948 1944 Pelagiani
968 1887 1039 1930 eum
1055 1873 1173 1929 tandem

116 1969 343 2034 exercuissent,
367 1977 397 2023 et
419 1969 454 2022 ad
471 1967 536 2022 fidei
551 1966 698 2033 justitiam
714 1967 851 2022 tuendam
869 1964 1068 2036 impulissent.
1104 1964 1174 2038 Qua

115 2059 195 2113 lucta
213 2069 242 2113 et
260 2058 405 2113 exercitio
424 2057 517 2111 evasit
533 2074 605 2111 vere
622 2057 727 2112 ‹loctor
742 2053 917 2124 Ecclesiae,
934 2070 970 2108 sc
985 2069 1077 2124 paene
1088 2053 1173 2108 solus

115 2157 187 2221 post
201 2148 364 2218 Apostolos
382 2157 412 2202 et
430 2147 543 2218 primos
559 2146 665 2204 Patres
677 2146 843 2205 Ecclesiae.
878 2145 950 2202 Non
961 2145 1045 2216 qnod
1056 2144 1173 2201 illustri.

116 2237 176 2303 bus
196 2237 329 2292 Patribus
348 2234 501 2292 detrahere
521 2236 629 2305 velim,
656 2248 685 2290 et
709 2237 815 2292 oculos
835 2235 991 2289 cornicum
1009 2233 1173 2302 conligere,

116 2338 151 2387 ut
167 2327 368 2400 Hieronymus
386 2325 451 2398 ipse
468 2318 573 2393 vccat,
600 2327 653 2381 sed
670 2327 752 2397 quod
769 2336 869 2396 putem
889 2325 1055 2381 admonitos
1072 2340 1128 2380 nos
1146 2324 1173 2388 ¹)

118 2434 223 2474 omnes
242 2429 398 2489 oportere,
426 2426 458 2471 ut
473 2415 596 2473 Petrum
614 2416 726 2488 scripte
746 2432 814 2471 cum
834 2403 970 2486 judicio,
995 2430 1092 2487 eoque
1111 2414 1176 2470 dili..

118 2507 292 2579 gentissimo
305 2518 334 2562 et
346 2506 514 2562 acutissimo
533 2506 683 2574 legamus,
700 2506 796 2561 secuti
812 2507 890 2561 illam
904 2507 1038 2575 regulam
1048 2505 1176 2577 Spiritus

120 2601 230 2657 sancti:
247 2599 357 2654 omnia
366 2594 516 2670 probate,
533 2609 562 2650 et
574 2597 697 2652 iterum:
713 2594 850 2669 probate
861 2596 1024 2668 Spiritus,
1042 2605 1072 2653 ut
1083 2596 1177 2667 sitnus

119 2689 251 2744 animalia
264 2689 387 2755 munda,
401 2686 515 2755 ungulis
530 2686 606 2741 fissis
620 2686 790 2741 incedentis.
816 2686 908 2761 Quod
922 2686 971 2757 qui
984 2701 1043 2741 nou
1056 2687 1177 2751 iaciunt,

120 2780 256 2841 ,videmus
275 2778 391 2847 quantis
409 2775 540 2830 incertae
558 2775 710 2830 doctrinae
735 2777 833 2830 ventis
858 2776 1124 2837 circumferentur,
1149 2790 1181 2836 et·

121 2868 312 2940 opinionibus
331 2868 359 2921 in
377 2866 520 2921 inlinitum
537 2880 602 2920 sese
621 2864 805 2933 gignentibus
823 2878 941 2920 sursum
960 2866 1101 2920 deorsum
1120 2866 1180 2933 agi.

121 2969 240 3026 rentur,
268 2973 387 3028 semper
409 2957 557 3011 discentes
582 2967 612 3011 et
637 2970 787 3026 nunquam
813 2955 848 3009 au
871 2954 1024 3010 scientiam
1045 2956 1179 3013 veritatis

120 3047 342 3122 pervenientes.
375 3045 418 3102 Et
433 3046 509 3100 haec
527 3062 587 3101 non
605 3054 715 3100 tantum
733 3044 887 3112 videmus,
911 3045 964 3100 sed
982 3045 1040 3117 ipsi
1057 3061 1180 3118 quoqne

122 3138 236 3209 experti
254 3152 377 3200 sumus,
393 3151 471 3204 ,cum
494 3135 523 3189 in
548 3133 651 3188 iisdem
678 3132 774 3199 turbis
798 3135 968 3204 dogmatum
994 3145 1179 3203 rotaremur,

121 3227 218 3293 donec
234 3227 325 3295 gratia
341 3223 401 3279 Dei
418 3239 475 3278 nos
492 3224 640 3279 transtulit
657 3223 686 3276 in
703 3235 838 3292 portum,
862 3233 890 3277 ct
912 3239 1001 3295 supra
1021 3224 1098 3280 banc
1116 3242 1179 3288 cer.

121 3325 179 3383 tam
197 3325 310 3385 petrum
327 3311 507 3380 aedificarit,
523 3323 557 3365 ut
574 3312 647 3366 certi
665 3313 775 3380 simus,
794 3312 864 3385 qnid
881 3312 1061 3378 doceamus,
1084 3314 1181 3370 disca.

121 3422 212 3471 mus,
227 3403 408 3471 babeamus,
427 3418 483 3457 nec
501 3404 573 3456 ultra
590 3405 634 3457 sic
651 3403 838 3483 fluctuemus.
863 3402 977 3480 'Quare
989 3414 1019 3459 te
1036 3420 1133 3473 rogo,
1148 3414 1182 3459 nt

124 3511 249 3570 perges,
274 3494 385 3565 optime
406 3493 528 3559 Brenti,
554 3492 640 3546 sicuti
665 3493 756 3560 sucis,
781 3490 862 3548 lruuc
882 3493 982 3554 locum
1000 3494 1133 3564 justitiae
1150 3497 1184 3562 ²)

123 3599 246 3643 strenue
267 3595 296 3641 et
318 3600 414 3654 nsque
432 3582 468 3636 ad
486 3581 630 3635 fastidium
648 3598 754 3651 urgere
771 3599 827 3653 per
844 3584 941 3637 omnia
958 3596 987 3636 et
1007 3585 1179 3657 ubicunqne

113 3663 247 3751 'poteris
266 3673 362 3728 'Num
380 3673 483 3743 plenus
500 3681 547 3726 est
564 3671 633 3725 alias
649 3671 721 3726 satis
733 3681 814 3726 totus
828 3672 954 3727 mundns
967 3672 1180 3742 scribentibus,

124 3764 337 3833 clamantibus,
357 3762 554 3829 cudentibus,
577 3762 625 3833 qui
642 3762 727 3819 valdo
744 3760 858 3818 sortiter
873 3762 955 3821 bunc
971 3764 1073 3820 locum
1090 3765 1181 3837 negli.

125 3890 652 3917 ....-.--------.--

174 3961 197 4010 t>
211 3957 297 4006 lludd.
312 3955 392 4004 coel.
405 3981 431 3994 ·-
442 3967 497 4003 nos.
563 3957 585 4010 lt
599 3955 625 4002 s.
640 3955 665 4003 C.
678 3954 833 4018 -juslitlsc
