2586 4696
555 277 648 345 1533.
1067 272 1127 342 lat

67 431 178 505 posito·
194 428 409 505 Magdebnrgi,
424 434 456 500 ¹)
481 442 513 491 et
533 450 649 491 morsm
672 432 876 509 compensabo
899 433 983 508 copia
1005 434 1126 509 scripti,

10 600 12 607 Ι
67 533 100 577 et
116 522 244 595 sperabo
261 523 331 579 boni
349 534 379 580 et
395 524 481 594 grati.

101 694 108 707 ¹
133 669 279 728 Gratulor
294 671 403 726 victam
421 668 617 727 valetudinem
633 672 804 739 adversam,
822 680 852 726 et
866 670 1032 727 restitutam
1049 670 1127 725 salu.

65 758 210 816 briorem.
244 760 382 816 Christus
400 771 429 816 te
446 771 547 817 servet
563 761 744 817 incolumem
761 771 791 816 et
807 778 862 833 pro
878 777 928 817 me
946 770 1092 818 orantem.

131 907 236 962 Sermo
247 907 386 962 Worlicii
404 923 480 963 ame
491 907 610 965 habitus
627 922 759 965 excusus
777 916 841 978 est,
859 923 949 980 quem
962 905 1014 963 hic
1027 906 1124 963 mitto.
1148 886 1153 907 ¹

62 995 144 1053 Nam
162 998 295 1069 reliquos
312 996 405 1052 libros
425 1010 558 1052 recenter
575 997 670 1053 editos
688 997 817 1054 arbitror
836 1006 867 1054 te
879 998 943 1068 jam
955 998 984 1065 ²)
1000 996 1126 1065 habere,

63 1087 135 1159 quia
150 1085 181 1155 3)
202 1087 275 1142 mihi
292 1087 516 1157 persuasissima
532 1080 563 1156 4)
590 1098 636 1143 eat
658 1088 796 1158 Magistri
816 1086 940 1159 Georgii
960 1086 1123 1158 diligentia}
1214 1160 1218 1167 .

63 1177 128 1232 imo
144 1186 319 1249 perspecta:
336 1177 390 1232 sed
407 1187 455 1246 tu,
472 1168 506 1243 5)
524 1178 550 1233 si
568 1179 638 1250 quid
655 1179 788 1233 nondum
804 1176 916 1247 babes,
935 1177 1009 1233 mihi
1028 1178 1125 1234 indica

62 1282 186 1337 quaeso.
220 1265 376 1333 Christus,
401 1277 434 1319 ut
457 1265 508 1320 hic
531 1266 661 1333 auditur,
686 1267 835 1338 percussit
859 1266 1011 1321 inimicum
1034 1283 1123 1323 suum

61 1355 184 1426 Lipsiae
201 1355 394 1411 clamatorem
416 1355 528 1428 inipso
546 1367 686 1428 suggestu
704 1369 734 1412 et
756 1357 786 1413 in
802 1357 903 1413 medio
920 1356 1121 1430 blasphemiae

60 1461 144 1513 suae,
159 1444 192 1513 ⁴)

127 1570 292 1663 llamburgi
307 1584 340 1657 ⁶)
358 1607 390 1647 se
408 1593 506 1665 ipsum
522 1593 653 1648 coniecit
670 1589 838 1649 Canonicns
854 1592 1007 1664 insigniter
1021 1572 1119 1649 Evani

61 1681 171 1750 geliutn
190 1675 220 1749 ⁷)
237 1683 362 1750 odiens,
380 1693 410 1736 et
426 1683 533 1737 eodem
548 1693 684 1754 tempore
701 1684 947 1740 sacramentarius
969 1685 999 1738 in
1017 1684 1121 1739 eadem

62 1772 182 1827 civitate
204 1789 237 1827 se
264 1774 361 1845 ipsum
385 1774 413 1826 in
432 1785 554 1843 puteum
577 1772 794 1844 praecipitavit:
819 1783 848 1829 et
870 1773 941 1828 licet
966 1790 1040 1845 aqua
1057 1790 1121 1835 non

62 1862 134 1916 satis
152 1863 314 1933 profunda,
339 1872 367 1916 et
385 1863 421 1916 nd
439 1871 561 1933 puteum
579 1862 766 1917 currentibus
790 1873 820 1917 et
841 1864 878 1918 ad
894 1863 1049 1918 Christum
1067 1880 1121 1920 vo.

17 2002 20 2007 ,
58 1952 207 2020 cantibus,
224 1953 330 2007 volens
343 1963 439 2007 tamen
453 1952 480 2005 in
495 1952 617 2007 dorsum
630 1951 788 2008 reclinatus
799 1953 953 2010 suffocavit
964 1969 997 2008 se
1009 1953 1119 2031 ipsum,

59 2053 257 2115 coptemnens
281 2032 451 2109 nttxilie„⁸)
476 2058 552 2113 quae
570 2043 596 2096 ei
614 2041 851 2099 demittebantur.
884 2041 955 2098 Vox
974 2040 1038 2114 ejua
1056 2052 1121 2105 erat

56 2131 155 2187 «Iudae
169 2133 330 2187 simillima:
348 2131 469 2204 Decepi
475 2130 602 2199 innatos,
615 2131 683 2186 ideo
695 2147 760 2187 non
772 2139 819 2188 est
828 2146 910 2207 spes.
935 2134 984 2189 Sic
997 2143 1121 2207 pereant

57 2223 168 2277 inimici
186 2222 243 2289 tui,
261 2222 411 2290 Domine,
428 2222 668 2294 quandoquidem
684 2214 715 2287 ⁹)
744 2207 883 2279 scientes*
894 2232 923 2279 et
941 2225 1117 2297 prudentes,

56 2312 282 2383 blasphemandi
304 2312 417 2366 nullum
440 2329 538 2383 neque
556 2311 644 2365 finem
666 2329 764 2385 neque
787 2315 910 2369 modum
934 2315 1062 2383 faciunt,
1078 2296 1118 2372 'et

56 2415 161 2458 erecto
179 2402 259 2456 collo
278 2400 421 2457 adversus
438 2401 541 2456 Deum
560 2408 694 2456 currunt.

122 2547 352 2603 commendabis
369 2564 417 2601 me
429 2545 620 2618 Principibus
637 2547 695 2602 tuis
714 2548 833 2621 optimis
849 2558 880 2604 et
893 2549 1115 2636 sincerissimis,

55 2639 165 2710 quibus
191 2637 254 2691 otio
281 2648 369 2709 capto
400 2637 567 2691 familiarius
595 2637 733 2693 scribam.
776 2637 914 2694 Christus
939 2639 977 2695 sit
1002 2652 1113 2697 tecum.

55 2729 167 2783 Salutat
185 2738 214 2782 te
231 2743 315 2781 meus
333 2727 485 2781 Dominus
502 2726 539 2791 ¹⁰)
556 2725 652 2780 Ketlra
672 2739 858 2798 reverenter,
877 2745 980 2797 orans,
1000 2741 1033 2785 ut
1050 2748 1115 2801 ora,

55 2818 137 2873 tione
154 2830 203 2872 tua
227 2833 292 2870 enm
305 2817 413 2887 juves,
440 2815 551 2870 scilicet
568 2815 695 2870 vicinam
718 2817 822 2886 partui.
855 2819 958 2907 Altera
973 2819 1114 2890 Januar.,

55 2906 272 2964 utnxxxlu.

691 3034 730 3091 Τ.
748 3033 899 3095 Martinus
914 3038 1079 3097 Lutherua.
1103 3071 1109 3099 ε

102 3555 525 3614 vnmsssmmmmmmmm
571 3557 742 3610 nm-mm
788 3558 935 3611 wssdoea
979 3562 1111 3619 &mmm

52 3632 346 3682 mmsfflmmm
397 3629 1108 3693 oemwfflmmffl.vwbwmmwm

50 3706 220 3757 mmmm
271 3702 848 3760 ffimwmm.mmmmmc

52 3847 283 3865 Μ

103 3961 124 4009 ’ζ
140 3958 173 4008 Ga
188 3955 238 4010 lilii
253 3957 309 4011 ilai.
323 3956 385 4006 iiiii
413 3957 445 4006 ὦ.
459 3955 515 4016 ltin.
528 3955 584 4005 uir..
612 3960 615 3967 ·
