2586 4696
151 285 158 334 ³
190 299 235 372 το
677 305 767 370 raso.

189 451 315 518 exclusa
331 462 417 518 turba
433 461 526 535 vulgi)
552 462 581 518 in
606 462 674 534 ipso
695 463 802 536 palatio
818 461 966 543 Caesaris.
999 458 1244 534 subscripserant

189 564 289 608 autern
308 555 508 610 confessioni:
535 555 630 625 primo
647 553 794 626 Princeps
813 552 933 608 Elector
954 552 1114 621 saxoniae,
1138 552 1243 607 deinde

188 640 334 698 Marchio
352 642 502 713 Georgius
519 642 837 712 Brandenburgensis‚¹
851 641 943 697 Joan.
960 641 1130 697 Fridericus
1141 642 1243 710 junior

189 730 356 803 Princeps,
373 732 574 804 Landgravius
592 732 732 801 Hassiae,
753 731 901 787 Erneatua
918 741 948 786 et
964 730 1161 799 Franciscut,
1180 730 1245 786 Du.

192 836 245 876 ces
262 821 531 892 Luneburgenses,
552 821 698 893 Princeps
714 821 912 890 Woltgnrpn
933 819 969 875 ab
988 818 1119 886 Anhalt,
1142 820 1245 875 civitas

191 909 447 982 Nurmlrergensis
463 921 493 967 et
510 912 739 982 Reutlingensis.
772 910 843 966 Jam
860 909 1021 965 deliberant
1043 910 1080 964 de
1098 926 1246 982 responso

190 1001 368 1058 Caesariani.
401 1002 493 1058 Multi
509 1002 654 1074 Episcopi
675 1003 710 1057 ad
733 1018 837 1072 pecern
853 1012 924 1058 sunt
943 1001 1071 1056 inclinati
1095 1012 1127 1057 et
1143 1002 1247 1073 sophi.

187 1100 253 1149 stas
270 1092 394 1147 Fabrum
411 1102 440 1146 et
451 1091 578 1146 Ecciurn
591 1099 803 1147 contemnunt>
828 1090 935 1146 Fertur
947 1106 1024 1147 unus
1035 1088 1209 1164 Episcopus
1220 1091 1247 1160 ¹)

190 1182 305 1239 dixisse
322 1182 351 1236 in
368 1181 525 1253 colloquiis
542 1182 678 1253 privetis:
702 1182 783 1237 llaec
800 1190 936 1255 estpars
951 1180 1078 1250 veritus,
1098 1198 1159 1237 non
1177 1194 1247 1254 pos.

190 1287 297 1328 sumus
314 1288 431 1341 negare.
455 1267 662 1340 *Moguntinus
679 1271 764 1326 valde
781 1271 965 1344 praedicatur
980 1270 1061 1342 pacis
1081 1271 1248 1328 studiosus.

192 1360 275 1416 Idem
291 1361 368 1415 Dux
383 1361 529 1416 llenricus
540 1359 793 1430 Brunswicensis,
811 1360 863 1432 qui
877 1358 1048 1431 Philippum
1065 1360 1248 1417 familiariter

192 1450 326 1508 invitavit
348 1450 385 1505 ad
401 1452 585 1517 convivium,
609 1459 734 1505 testatus
757 1464 790 1505 se
807 1466 867 1504 non
887 1466 978 1522 posse
996 1449 1115 1522 quidem
1137 1468 1246 1520 negare

193 1539 337 1595 articulos
360 1540 396 1594 de
419 1550 543 1610 utraque
568 1539 686 1611 specie,
711 1538 900 1594 sacerdotum
924 1539 1065 1615 conjugio
1090 1552 1119 1594 et
1136 1539 1245 1594 indiffe-

192 1630 283 1687 rentia
302 1627 450 1685 ciborum.
483 1628 567 1685 Nihil
584 1628 684 1683 mitius
707 1627 957 1699 essopraedicant
974 1629 1067 1684 nostri
1090 1630 1154 1701 ipso
1171 1629 1245 1684 Cae.

194 1736 260 1778 aare
278 1720 307 1775 in
324 1720 393 1775 totis
410 1717 549 1775 comitiis.
584 1718 632 1773 Sic
643 1716 754 1773 habent
770 1718 858 1773 initia.
892 1718 1001 1773 Caesar
1014 1728 1150 1774 nostrum
1160 1718 1246 1775 Prin.

193 1804 293 1879 cipem
305 1826 365 1864 non
383 1810 481 1863 solum
494 1809 672 1875 clementer,
690 1808 741 1863 scd
755 1824 851 1880 prope
869 1818 1038 1862 reverenter
1052 1815 1165 1864 tractat.
1199 1809 1249 1863 Sic

194 1897 298 1954 scribit
313 1897 481 1969 Philippus.
514 1897 630 1953 Mirum
648 1904 712 1964 est,
731 1911 822 1967 quam
838 1911 944 1951 omnes
962 1897 1081 1951 ardeant
1097 1913 1201 1952 rmore
1219 1908 1255 1954 et·

195 1989 298 2044 favore
321 1987 466 2042 Caesaris.
501 1984 605 2053 Forte,
621 1972 653 2051 12)
682 1984 707 2039 si
724 1984 812 2040 Deus
834 1984 922 2052 velit,
947 1997 978 2038 ut
1000 1984 1113 2058 primus
1139 1986 1251 2042 Caesar

190 2078 249 2134 ruit
264 2077 428 2149 pessimus,
450 2076 488 2131 ita
504 2075 555 2132 hic
571 2075 693 2153 ultimus
718 2075 775 2129 erit
791 2074 931 2146 optimus.
964 2074 1096 2132 Oramus
1119 2086 1250 2147 tantum,

196 2167 318 2223 sentitur
342 2165 418 2221 enim
436 2165 482 2220 vis
506 2164 647 2223 orationis
663 2165 830 2220 manifeste.
863 2165 945 2221 Haec
962 2165 1092 2222 Cordato
1111 2183 1249 2222 commu.

194 2257 310 2313 nicebis
327 2265 356 2310 et
373 2254 512 2310 omnibus
528 2253 683 2321 iratribus,
696 2240 775 2325 ιιιιὶι
790 2268 860 2310 vera
877 2266 954 2310 sunt.
990 2254 1106 2325 Credo,
1128 2266 1156 2312 te
1173 2257 1249 2313 inte.

191 2347 253 2403 rim
270 2346 367 2400 literas
385 2361 466 2400 meas
484 2344 519 2399 ad
535 2353 566 2400 te
583 2354 613 2398 et
626 2345 747 2399 fratrem
765 2340 1029 2417 tuum'accepisse.
1041 2342 1068 2412 ³)
1096 2346 1249 2403 Dominus

139 2465 144 2474 -
193 2446 298 2493 tecum
305 2476 314 2505 ,
338 2441 445 2492 Amen.
479 2434 575 2490 Saluta
599 2449 704 2490 omncs
728 2447 860 2492 nostros.
900 2433 952 2490 Ex
975 2433 1087 2491 Eremo
1109 2432 1137 2492 6.
1155 2436 1249 2506 Julii,

922 2588 963 2647 T.
980 2589 1073 2649 Mart.
1088 2591 1219 2651 Luther.

232 2962 429 3034 asellas·
943 2934 1216 3026 nanrccxuvr

505 3113 555 3185 ita
590 3110 941 3185 coanimantur.

201 3275 276 3325 anter
286 3271 420 3328 meritisne
437 3246 537 3326 aefter
553 3269 649 3343 corlant
662 3270 734 3321 arlef
750 3270 833 3315 melan
851 3270 874 3319 t.
888 3259 987 3326 volart
1004 3277 1050 3322 aaa
1066 3272 1106 3321 tre
1118 3272 1251 3330 Ἇυιίιῐιιιι

526 3343 565 3393 tri
578 3344 728 3398 aanlaurarr
740 3342 921 3399 stirantnlffrt.

641 3479 781 3496 *a*

227 3599 279 3653 &rr
290 3598 426 3645 Bnddeus
440 3610 463 3656 p.
477 3599 521 3648 lit.
548 3595 714 3643 coelestin.
730 3595 758 3641 ll.
771 3596 817 3644 aar,
843 3598 901 3650 alal.
915 3596 974 3642 cod.
987 3597 1041 3644 ion.
1054 3597 1076 3642 lr.
1090 3598 1107 3646 l.
1120 3599 1166 3648 212.
1181 3601 1228 3647 atti

360 3670 524 3717 Auriiaber
536 3669 576 3717 111.
591 3669 607 3716 f.
621 3670 653 3718 46.
680 3668 780 3719 crarta
793 3668 833 3719 lta
845 3670 940 3720 waldi
952 3669 1018 3718 llVl.
1032 3673 1088 3719 twa.

252 3912 273 3960 l)
291 3906 370 3953 coel.
384 3904 478 3951 Auris.
497 3903 586 3954 Ferunt
597 3915 668 3952 anau
682 3902 835 3964 Eplscopuu.
890 3904 912 3958 22
929 3905 998 3963 genn
1011 3905 1052 3960 un
1067 3906 1156 3960 Budd.
1170 3905 1244 3955 σθαι,

201 3981 224 4039 8)
240 3980 320 4029 coel.
335 3979 412 4028 credo
426 3980 473 4027 etc.
1148 4002 1154 4013 ,
