2586 4696
491 1165 697 1267 1534.

49 1478 51 1482 -
97 1446 123 1501 s.
139 1441 287 1513 sinuit.
842 1443 900 1502 No.
917 1438 1086 1542 aincurt.

361 1570 365 1591 ⁵
391 1597 440 1667 tiu
476 1598 560 1669 uu.
598 1586 797 1676 utereturi.

114 1755 139 1802 s.
151 1749 277 1803 struitur
295 1754 338 1802 tui
357 1755 392 1801 tir
409 1755 458 1806 iim
477 1763 628 1809 stitueretur
645 1755 724 1805 &tute
743 1753 806 1801 siuet
824 1732 932 1805 erosis
950 1760 976 1804 su
995 1748 1119 1803 mittum

65 1828 234 1878 eatuuruuuui
254 1829 301 1873 urat
314 1827 383 1874 bitur
396 1828 436 1883 tus
450 1839 490 1876 uu
503 1831 550 1882 fetu
565 1829 656 1882 urttett
672 1827 727 1875 itur
746 1827 793 1880 istu
807 1825 871 1876 usuri
884 1832 907 1871 a.
920 1826 940 1872 t.
955 1823 1123 1875 §stricturas

120 2058 172 2107 itui
185 2033 361 2114 aurifaber)
375 2061 534 2116 susurrum
548 2063 725 2117 &curulum
741 2065 783 2111 tw.
797 2062 837 2115 itu
851 2060 963 2123 &diist
976 2059 1006 2108 11.
1018 2060 1066 2112 ³⁰4·

67 2194 121 2288 G·
141 2251 170 2296 et
185 2240 222 2296 P.
258 2241 340 2316 Quid
353 2253 398 2299 est
408 2243 489 2312 hoc,
504 2245 544 2300 mi
559 2245 725 2314 Amsdorfi,
744 2244 825 2317 quod
836 2254 916 2300 tanta
928 2242 1120 2322 contentione

64 2332 241 2400 expostulas
258 2348 394 2402 mecum,
408 2338 433 2394 ¹)
450 2351 511 2390 non
529 2352 597 2391 esse
614 2352 793 2408 responsum
811 2336 846 2389 ad
864 2345 910 2390 tot
926 2335 1023 2405 literas
1041 2319 1119 2403 tuus,¹

64 2433 97 2475 ut
115 2421 143 2474 id
161 2421 249 2490 fingas
267 2433 296 2476 et
314 2423 516 2496 interpreteris
540 2427 655 2496 cuipam
680 2426 809 2480 fortusse
832 2435 912 2479 tuam
937 2427 1024 2484 esse,
1049 2438 1120 2478 cum

63 2512 167 2585 potius
180 2511 223 2566 sic
242 2511 378 2568 debueris
399 2516 542 2582 cogitare:
571 2515 599 2570 Si
624 2529 817 2585 peccassem,
841 2511 1062 2584 respondisset,
1087 2519 1119 2567 st

62 2596 231 2656 edocuisset
244 2601 376 2673 culpam
393 2619 462 2657 uam
474 2605 540 2675 quia
551 2603 624 2658 nihii
637 2587 815 2675 respondet,
830 2602 947 2671 siguum
958 2610 1020 2667 est,
1035 2601 1118 2658 >salva

60 2705 130 2746 csse
148 2691 256 2746 omnia.
288 2690 368 2747 Nam
386 2709 441 2762 ego
460 2695 545 2764 plane
562 2693 623 2747 hoc
641 2693 739 2760 sensi,
765 2709 826 2748 non
848 2707 917 2747 esse
940 2707 1017 2763 opus
1034 2691 1070 2745 ad
1087 2700 1119 2745 ts
1182 2725 1184 2741 2

58 2779 153 2835 literis
172 2781 265 2849 meis,
283 2797 352 2835 cum
369 2783 448 2836 nulla
466 2795 547 2838 essct
565 2799 653 2837 causa
671 2779 836 2849 scribendi,
856 2781 1028 2852 praesertim
1041 2780 1117 2836 mihi

61 2871 106 2927 sic
124 2881 287 2941 occupato,
306 2885 446 2940 aegroto,
470 2883 591 2930 vexato.
625 2872 681 2927 Sed
699 2871 774 2925 haec
790 2887 845 2944 pro
863 2871 957 2927 reteri
974 2881 1005 2927 et
1020 2871 1115 2928 solida

61 2962 241 3016 fraternitate
260 2961 288 3015 in
307 2960 441 3038 Christo.

128 3077 175 3132 De
192 3076 288 3130 obtata
303 3074 498 3145 Nurnbergae
516 3077 721 3149 praepositura
736 3075 811 3132 nihil
828 3075 922 3131 audeo
940 3054 1113 3133 consuiere:

59 3183 129 3223 nam
152 3177 251 3236 potest
273 3183 358 3221 meus
381 3167 502 3236 spiritus
527 3183 641 3236 errare,
667 3167 714 3221 vel
739 3184 799 3222 nou
824 3183 933 3223 errare.
967 3168 996 3222 Si
1016 3178 1114 3224 autem

59 3256 207 3330 praesagit
223 3255 335 3310 animus
353 3271 455 3322 meus,
481 3256 604 3323 nescio,
627 3273 688 3326 quo
707 3273 797 3310 onere
814 3255 877 3311 huc
893 3257 919 3320 ²)
940 3256 1114 3338 inclinatus,
1152 3253 1153 3258 '

12 3417 15 3420 ι
59 3363 121 3401 uon
145 3360 212 3399 esse
236 3345 320 3399 istam
349 3345 551 3398 conditionem
576 3361 630 3413 pro
654 3345 713 3402 isto
736 3345 831 3401 libero
847 3355 880 3399 'et
896 3345 1024 3403 candidu
1047 3348 1114 3420 (qui

60 3435 235 3505 simpliciter
251 3445 281 3489 et
297 3434 410 3489 directe
432 3433 568 3505 procedit
594 3433 624 3488 in
648 3449 715 3512 suox
730 3433 905 3506 proposito)
932 3437 1114 3496 Amsdortio.

59 3524 99 3580 Et
115 3535 259 3592 metuam,
285 3541 322 3578 ne
344 3523 431 3578 nimis
453 3523 515 3578 cito
539 3523 706 3594 poeniteret
724 3536 755 3579 te
775 3535 932 3596 susceptae
951 3526 1028 3580 illius
1045 3544 1115 3599 pro.

59 3616 184 3670 vinciae.
217 3617 274 3672 Est
290 3615 344 3670 ista
361 3614 432 3668 urbs
454 3615 499 3668 sui
524 3613 678 3683 cujusdam
701 3614 793 3683 genii,
818 3614 869 3686 qui
893 3632 952 3669 nou
974 3617 1114 3673 omuibus

60 3706 211 3761 convenit.
245 3706 378 3773 Tamen,
402 3714 434 3758 ut
451 3704 531 3771 dixi,
555 3720 653 3758 errare
676 3719 810 3773 possum.
846 3704 984 3775 Cogitate
1001 3716 1114 3762 tautum

56 3797 163 3865 soleo,
187 3812 224 3850 ne
246 3806 351 3851 noster
373 3787 509 3866 rapiatur,
524 3795 552 3847 iu
576 3793 734 3867 tratiquillu
758 3811 786 3851 et
811 3811 884 3872 pace
908 3795 937 3851 ia
958 3795 1060 3856 turbas
1084 3807 1114 3852 et

107 4014 128 4067 u
142 4011 203 4065 Θώ.
214 4036 240 4048 ··
251 4022 352 4060 necant
410 4010 435 4076 2)
447 4009 508 4062 ΕΦ.
516 4007 569 4061 hie·
