2586 4696
545 308 638 388 isra·
749 306 770 419 J
1054 316 1115 386 aaa

61 474 166 545 vobia,
194 466 486 550 qnaai‘convenium
510 490 647 534 nostrum
670 476 699 544 ⁴)
727 476 884 548 rejecerim
908 477 936 533 in
962 475 1114 541 arbitrium

58 567 234 640 Principum
253 579 283 624 et
299 570 450 625 civitatum
468 573 585 641 penitus
593 608 603 636 ‚
619 585 688 623 cuna
701 579 797 623 tamen
810 569 872 624 boc
884 584 944 623 non
955 568 1113 638 voluerim,

59 662 114 715 aed
131 669 164 712 ut
180 659 368 714 commodius
385 659 485 728 fieret,
512 659 687 727 arbitrabar,
711 659 830 713 iliorum
847 674 969 730 quoque
992 658 1116 715 scientia

58 748 88 803 id
105 749 212 804 melina
230 747 302 803 fieri.
336 747 449 805 Verum
467 764 523 818 ego
540 749 585 803 aic
601 765 668 803 sum
686 748 847 816 animatur,
866 757 898 803 ut
912 747 1029 818 cupiam
1041 759 1132 803 con.‘

58 838 162 893 venire
186 852 260 904 voa,
272 837 303 904 ⁰)
327 838 440 897 etiamsi
459 837 615 909 Principes
632 845 682 891 aut
699 833 832 892 civitates
850 853 911 892 non
929 836 1019 893 velint
1041 854 1116 893 coo.

58 928 165 1000 perari.
197 927 281 985 Nihil
304 928 382 982 enim
406 928 497 996 mibi,
520 943 602 981 nunc
626 943 721 990 cano,
745 927 897 999 decrepito
923 935 953 981 et
973 927 1115 984 omnibus

59 1018 149 1074 rebua
165 1017 306 1073 defuncto
323 1027 353 1072 et
368 1029 481 1085 saturo,
498 1017 592 1086 magia
609 1015 639 1071 in'
655 1016 737 1072 rotia
749 1025 814 1086 eat,
830 1032 920 1090 quam
937 1026 970 1072 ut
986 1033 1117 1073 concor.

58 1107 104 1162 dia
127 1108 200 1176 ista,
224 1115 365 1182 quantum
381 1104 412 1172 ³)
435 1105 497 1160 fieri
515 1115 632 1179 potest,
657 1115 724 1160 ante
743 1121 842 1160 meam
858 1099 1116 1174 dormitionem'i)

58 1195 200 1257 firmetur.
234 1197 264 1252 Si
274 1196 376 1251 volent
388 1194 542 1267 Principes
554 1195 728 1267 cooperari,
739 1193 833 1254 benc:
851 1196 877 1251 ai
887 1196 1003 1266 minua,
1014 1206 1115 1254 tamen

58 1285 194 1341 conabor
210 1286 383 1359 impetrare,
399 1297 432 1341 ut
448 1286 553 1342 saitem
570 1285 667 1341 ainana
682 1301 739 1340 noa
748 1325 758 1353 ,
775 1294 805 1340 et
822 1286 918 1342 ierant
932 1290 1132 1342 conveniam

57 1386 209 1432 nostrum:
226 1391 404 1448 quamquam
421 1376 515 1431 multo
531 1375 656 1430 meliora
667 1391 776 1447 opero,
794 1377 968 1447 praesertim
980 1376 1016 1430 de
1026 1377 1116 1432 Prin.

59 1466 126 1537 cipe
142 1476 259 1523 nostro.
275 1459 306 1533 ⁵)
339 1466 394 1533 De
413 1476 551 1539 tempore
572 1467 620 1521 vei
636 1458 664 1533 ⁶)
687 1465 742 1537 ipoi
765 1474 849 1522 recto
872 1466 1005 1535 sentitia,
1031 1467 1114 1540 quod

59 1566 125 1610 ante
143 1555 262 1611 Paacba
285 1556 337 1610 rix
360 1555 456 1627 poaait
480 1554 560 1623 beri,
585 1556 632 1611 vel
657 1555 698 1610 ob
720 1556 779 1613 mei
799 1557 938 1627 corporia
955 1557 1066 1613 variam
1082 1551 1115 1626 ⁷)

58 1645 270 1700 valetudinem:
288 1654 386 1699 tamen
403 1645 525 1714 faciam,
542 1645 623 1718 quod
640 1661 783 1719 porram,
802 1656 831 1701 et
842 1657 961 1720 paratua
972 1662 1025 1702 ero
1037 1641 1128 1720 q'uo.¹

60 1750 179 1806 cunque
205 1743 357 1804 tempore,
381 1735 444 1789 aive
462 1745 546 1802 ante,
573 1735 636 1790 aive
653 1746 723 1806 post
739 1736 859 1792 Paacba
875 1738 1114 1793 conueniendum

59 1824 110 1880 ait:
132 1824 240 1879 vellem
257 1826 335 1879 enim
353 1824 416 1895 ipae
433 1824 560 1880 libenter
578 1826 692 1881 adesse.
725 1825 842 1881 Locum
861 1825 1120 1897 aigniiicabinaua,·

59 1930 148 1986 quam
165 1915 293 1986 primurn
309 1911 459 1986 Princeps
476 1924 582 1970 noster
597 1915 725 1970 redierit.
762 1914 841 1969 Nam
858 1925 944 1970 extra
959 1915 1114 1972 Ducatum

58 2013 195 2059 noctram
211 2003 284 2058 mibi
300 2002 353 2058 vix
369 2003 418 2057 vei
434 2019 588 2075 nunquam
605 2003 789 2060 concedetur
799 2004 929 2060 facultas.
962 2003 1029 2074 Ego
1041 2021 1115 2060 con.

59 2093 156 2147 dicam
172 2102 278 2146 nostro
293 2090 425 2164 Principi
442 2092 473 2146 in
488 2091 653 2162 Thuringia
669 2094 718 2147 vel
736 2093 907 2160 Irenaeum,
918 2087 946 2159 8>
960 2093 1116 2162 Gothum,

58 2182 107 2237 rel
124 2173 151 2249 9)
168 2181 330 2249 vinariam,
356 2188 386 2236 et
403 2195 442 2235 ex
459 2178 507 2235 bia
524 2196 613 2236 unam
631 2181 807 2252 impetrabo.
841 2181 966 2238 Interim
983 2182 1114 2251 curabo,

58 2281 92 2326 ut
109 2270 302 2326 eccleaiarum
322 2268 452 2341 undique
470 2268 523 2324 bic
539 2267 577 2334 ¹⁰)
601 2271 737 2340 suffragia
760 2281 791 2326 et
812 2270 1019 2328 ministrorum
1041 2290 1119 2331 oon-
1180 2264 1183 2269 ’
1240 2310 1244 2325 .

58 2363 182 2416 aenaurn
199 2359 341 2429 babeam,
365 2362 403 2414 ne
425 2373 501 2430 opua
524 2359 563 2414 sit
584 2360 674 2413 muita
696 2358 792 2416 turba.
827 2360 910 2416 idean
931 2376 987 2418 voa
1004 2363 1114 2429 fecisse

58 2451 184 2506 libenter
199 2450 295 2524 audio.
328 2448 430 2504 Valere
446 2457 476 2503 et
492 2458 593 2525 orate,
616 2465 674 2503 nec
691 2448 821 2505 dubitate
838 2450 923 2506 nobie
940 2453 1027 2507 etiam
1044 2467 1122 2509 caoe-

57 2541 141 2595 cordi
162 2540 249 2594 iatam
271 2538 483 2607 concordiam,
507 2537 565 2592 niai
583 2537 733 2593 Christum
751 2538 917 2595 Dominum
940 2558 996 2612 pro
1016 2542 1116 2609 fabulo

57 2630 202 2684 vellemus
212 2626 342 2696 habere,
359 2641 487 2704 proquo
498 2642 554 2695 ego
568 2637 601 2682 ut
612 2642 687 2681 unua
699 2641 740 2681 ex
752 2629 979 2686 confessoribus
989 2628 1066 2687 mine
1073 2633 1113 2700 1¹¹)

58 2720 182 2790 indignis
193 2717 229 2778 ¹2)
246 2727 291 2773 tot
306 2733 323 2772 a
339 2718 443 2772 Satana
459 2727 489 2770 et
504 2716 617 2770 mundo
634 2732 740 2787 paraus
758 2733 843 2787 aum,
861 2728 891 2774 et
903 2719 1000 2775 adhuc
1015 2723 1120 2793 parion

59 2827 178 2865 cruces.
213 2808 343 2864 Oramus
361 2807 439 2861 enim
457 2814 488 2859 et
503 2820 560 2860 nos
578 2822 633 2877 pro
649 2805 733 2862 vobia
746 2808 915 2877 diligenter,
933 2827 1002 2865 cum
1015 2811 1118 2882 publi⁴

58 2902 119 2971 cia,
137 2910 200 2955 tum
217 2897 337 2970 privatin
354 2896 546 2951 orationibua.
578 2896 648 2949 Deo
666 2896 775 2965 gioria,
797 2900 906 2954 Arnen.
939 2894 1117 2970 Witenberl

58 3010 111 3063 gae
116 3033 128 3062 ,
144 2995 171 3045 5.
189 2988 308 3046 calend.
326 2985 526 3064 Decembris,
544 3001 620 3046 anno
637 2985 833 3043 MDxxxV.
850 2984 891 3062 Β)

694 3129 730 3188 V.
748 3135 897 3195 Martinus
915 3135 1079 3195 Lutherus.

59 3592 586 3619 ΟΜ

10 3748 12 3753 ,
107 3695 129 3747 i)
147 3692 236 3738 Srhw.
256 3691 538 3746 eoncordiamnoatram
599 3692 621 3742 2>
640 3689 730 3737 Scbrr.
750 3703 804 3739 nos.
865 3694 886 3749 3)
904 3692 993 3739 Srbw,
1013 3699 1107 3754 quanta.

59 3766 190 3823 bboirw.
214 3767 395 3815 dormnrneam.
427 3785 429 3790 ·
456 3768 478 3817 5)
500 3763 591 3811 schw.
614 3762 876 3821 meliora'praeaertim
894 3789 919 3802 -
938 3792 964 3802 -
978 3774 1008 3803 ’.-
1028 3768 1115 3827 spero:

57 3840 260 3892 osennvoa.
308 3838 600 3890 fisclum-variam..
636 3835 832 3890 rieberer.
880 3840 1114 3894 mohin-wel„

57 3918 91 3966 ¹0)
109 3913 199 3958 Schw.
218 3912 387 3970 bienniique.
437 3915 469 3963 11)
489 3909 580 3956 Sclrw.
602 3920 633 3955 ex
652 3909 810 3967 ipriuacons.
859 3914 892 3965 12)
911 3915 974 3966 maes
991 3915 1109 3976 Mem.

57 3988 144 4040 eonii:
158 3985 276 4042 ludimur.
327 3988 361 4038 iai
376 3983 482 4034 walda:
497 3984 518 4031 b.
530 3984 563 4030 21.
576 3982 636 4032 iiaa.
659 3981 753 4033 acha.
767 3982 817 4031 irin
830 3984 888 4038 ilua.
937 4013 940 4019 ·
