2594 4696
189 293 252 398 tos
671 293 765 406 uss·

189 464 297 512 suaves
321 457 350 512 in
374 446 493 515 auribus
519 470 549 516 et
570 461 713 517 cordibus
736 458 868 529 vestris,
890 479 945 534 per
961 460 1105 517 virtutem
1123 456 1248 531 Spiritus

189 544 298 602 Sancti.
332 546 404 602 Dici
429 567 490 605 non
516 560 632 622 potest,
663 562 774 624 quanto
798 552 904 607 dolore
926 551 1013 606 animi
1040 550 1249 623 perceperim,

188 635 338 693 intervos
355 638 508 698 dissidium
527 651 625 697 ortum
643 658 728 711 esse,
747 642 799 713 qui
813 642 966 697 constituti
984 641 1055 697 estis
1073 641 1103 695 in
1121 657 1160 695 eo
1178 640 1250 696 loco

187 716 311 811 insigni,
333 729 426 799 angeli
445 730 526 801 pacis
549 741 578 785 et
595 731 707 786 salutis.
741 729 820 786 Nam
843 739 876 786 ut
893 731 966 784 nihil
983 731 1081 784 dicam
1100 729 1139 784 de
1163 726 1251 784 turba

186 825 217 871 et
232 816 341 871 damno
357 828 476 874 vestrae
494 800 675 875 domesticae
692 820 850 876 eeclesiae:
873 819 1016 891 quantum
1033 819 1150 892 putatia
1163 835 1251 874 scau.

124 910 125 916 ’
185 883 321 968 tialorttm
344 908 407 964 aliis
425 909 559 964 ecclesiis
582 909 649 965 inde
669 912 820 980 emergat?
844 925 917 980 quas
934 909 1058 979 glorias,
1082 920 1161 979 quas
1180 925 1251 964 ova.

183 988 300 1063 tiones,
326 1013 403 1070 quos
426 997 595 1071 triumphos
619 998 675 1054 sibi
698 1000 836 1072 utrinque
856 997 1032 1072 adversarii,
1055 997 1199 1070 Papistae
1221 1009 1251 1054 et

185 1076 409 1144 sacramentarii
427 1098 515 1161 atque
532 1088 761 1160 Anabaptistae,
777 1105 816 1144 ex
834 1090 891 1144 isto
909 1099 1012 1143 vestro
1030 1088 1111 1142 malo
1129 1096 1250 1159 captant

182 1166 355 1248 e'tjaetant':
372 1180 396 1245 ¹)
414 1179 528 1233 scilicet
542 1177 621 1232 hanc
639 1177 729 1233 offam
747 1178 912 1245 Cerberus,
931 1176 1009 1231 hano
1026 1177 1171 1243 laetitiam
1186 1194 1251 1232 rna.

182 1258 262 1322 litiae
279 1281 350 1321 suae
368 1280 408 1321 ex
419 1265 631 1322 vobishaurit.
664 1265 705 1322 Et
722 1277 755 1321 ut
766 1283 814 1321 me
827 1265 966 1320 cbristus
984 1276 1081 1335 amet,
1100 1277 1251 1339 quantum

181 1349 222 1410 e'x
239 1372 272 1410 re
297 1355 360 1427 ipsa
384 1367 413 1410 et
431 1353 523 1410 literis
540 1357 650 1411 vestris
667 1356 793 1428 (loquor
816 1357 894 1410 enim
918 1356 946 1409 in
968 1365 1046 1410 tants
1062 1355 1252 1412 necessitate

182 1441 211 1500 e't
232 1444 367 1517 periculo
392 1443 528 1513 liberius)
553 1445 715 1515 intelligere
742 1458 770 1500 et
791 1445 928 1516 judicare
946 1462 1088 1517 possum,
1120 1454 1184 1506 non
1210 1463 1251 1502 ex

84 1538 97 1557 ‘
164 1530 237 1590 ‘i'sta
260 1551 349 1590 causa
372 1535 541 1607 praesenti,
567 1536 685 1591 scilicet
708 1536 820 1606 privata
844 1534 873 1591 et
885 1535 1014 1608 publica
1037 1534 1249 1606 absolutione,

178 1617 314 1680 nascitur
338 1623 408 1679 illud
433 1625 597 1679 dissidium.
638 1624 780 1692 Subolet,
811 1624 930 1680 subolet
956 1625 1101 1710 omqino,
1135 1625 1249 1689 (nolite

181 1705 310 1784 fingere,
333 1713 427 1769 nolite
444 1714 646 1776 dissimulare)
664 1714 755 1768 luisse
779 1713 893 1786 aliquot
909 1723 1029 1769 veteres
1047 1724 1134 1769 antea
1152 1715 1250 1770 offen.

178 1805 283 1861 siones
306 1805 383 1859 inter
404 1820 478 1872 vos,
496 1802 525 1871 ⁴)
550 1814 580 1868 et
602 1803 773 1859 scintillas
766 1821 796 1857 m
818 1804 922 1858 fomite
948 1803 1038 1859 alites
1056 1812 1088 1858 et
1109 1819 1247 1876 pressus,

134 1893 138 1900 ’
181 1888 257 1968 qu'ae
275 1911 355 1950 nuno
378 1895 458 1951 tenui
477 1893 563 1949 llantc
587 1894 689 1948 aurula
712 1906 742 1950 et
761 1895 819 1948 levi
844 1895 1071 1960 occasitmcula,
1096 1903 1248 1949 conantur

180 1985 211 2041 in
234 1986 404 2040 incendium
422 2001 561 2055 surgere:
587 1999 679 2056 quas,
705 1984 729 2039 si
755 1985 937 2056 intempore
958 1983 1188 2055 aliqttalingua,
1213 1993 1246 2041 ut

116 2064 118 2070 ’
179 2074 285 2144 Fssajas
304 2075 359 2142 ait,
378 2063 490 2129 erudita
508 2084 538 2129 et
549 2074 664 2128 medica
682 2074 840 2142 adfuisset,
860 2090 920 2128 uno
937 2076 1076 2146 sputulo
1094 2086 1129 2129 ut
1141 2075 1245 2130 Str-ach

181 2167 243 2233 ait,
254 2165 458 2228 restinxisset,
475 2179 550 2235 quae
568 2180 649 2217 nnnc
666 2164 829 2218 multorum
847 2165 954 2233 linguis
973 2165 1135 2220 insufflatae
1152 2166 1210 2220 et
1200 2183 1245 2221 ιιι.

181 2255 344 2310 flammatae
363 2253 505 2308 difficilius
519 2265 769 2324 compescuntur.
803 2253 882 2309 Nam
901 2258 925 2308 si
943 2266 1009 2308 ante
1023 2255 1102 2310 hanc
1121 2247 1245 2311 causam

182 2361 239 2400 cor
255 2356 388 2400 vestrum
407 2360 499 2398 unum
517 2352 547 2399 et
563 2343 658 2398 anima
676 2354 773 2399 vestra
792 2362 849 2398 una
867 2346 1016 2400 fuissetis
1033 2346 1189 2415 Domino,
1215 2357 1246 2403 et

181 2436 334 2490 vinculum
353 2435 502 2489 charitatis
514 2435 700 2508 perfectum,
719 2435 903 2507 impossibile
919 2436 1041 2519 fuisset,
1060 2438 1131 2492 istas
1149 2438 1246 2492 offen.

182 2517 231 2582 tias
249 2527 332 2581 leves
349 2535 463 2580 tantum
480 2524 598 2591 valere,
618 2535 758 2594 qttmrtum
779 2525 956 2596 prohdolor
972 2503 1078 2581 intent.
1114 2527 1246 2602 Quoties

184 2619 263 2691 enim
288 2615 393 2685 digitus
421 2614 559 2682 oculum,
592 2615 696 2668 dentes
722 2610 868 2683 linguam,
894 2631 997 2669 tnanns·
1028 2632 1146 2670 inanum
1173 2621 1246 2672 satis

183 2708 294 2762 acriter
309 2706 417 2774 laedit?
451 2705 491 2760 Et
509 2715 606 2760 tamen
626 2707 723 2759 serunt
747 2705 878 2759 invicem
895 2704 950 2759 has
973 2707 1158 2762 offensiones
1176 2708 1249 2764 soli.

185 2799 244 2851 cita
261 2813 317 2867 pro
335 2812 369 2850 se
395 2796 522 2850 invicem
542 2793 685 2848 membra.
721 2793 760 2847 Et
777 2811 832 2848 vos
858 2793 971 2864 optimo
992 2795 1090 2863 scitis,
1118 2797 1196 2850 dicta
1220 2808 1248 2851 et

185 2886 417 2953 factanlteriuS,
441 2884 630 2956 quantumvis
648 2883 726 2936 bona
745 2893 773 2937 et
791 2884 920 2950 laudata,
945 2885 1036 2952 accipi
1057 2885 1187 2954 pessime
1210 2886 1246 2940 ab

186 2977 285 3031 animo
304 2976 475 3031 exulcerato
494 2987 522 3029 et
535 2975 723 3045 suspicioso:
743 2974 814 3029 tales
833 2975 909 3028 eninr
925 2986 993 3028 sunt
1007 2992 1055 3029 res
1074 2977 1164 3031 etiam
1176 2978 1248 3045 Dei,

186 3081 384 3138 quaecunque
397 3065 559 3135 qualesque
579 3075 646 3118 snut
659 3073 776 3117 nostrae
789 3065 835 3118 vel
854 3064 1009 3134 opiniones
1023 3066 1071 3119 vel
1088 3067 1248 3122 conscien.

188 3157 260 3212 tiae:
287 3155 323 3208 ita
348 3167 378 3207 nt
396 3154 491 3208 vitalia
505 3154 693 3224 judicemus,
718 3168 793 3223 quae
816 3165 883 3207 sunt
901 3155 1025 3218 mortis,
1051 3165 1080 3208 et
1097 3157 1250 3214 mortalia·

188 3263 264 3318 quae
282 3257 351 3299 stmt
373 3245 459 3306 vitae.
495 3245 616 3314 Quanto
640 3243 732 3308 magis
756 3243 834 3297 dicta
853 3255 899 3296 ant
921 3245 992 3296 facta
1012 3246 1108 3299 fratris
1128 3246 1250 3303 alterius

189 3346 326 3403 aegrotus
344 3333 459 3387 animus
477 3334 511 3386 ad
531 3333 659 3402 iniquam
679 3344 790 3401 partem
809 3333 913 3401 occipit
924 3372 932 3399 ,
950 3335 1123 3402 praesertim
1141 3337 1167 3391 si
1186 3339 1251 3392 sue.

189 3425 249 3482 rint
275 3423 453 3494 aliquantum
478 3419 719 3492 reprehensibilia
745 3431 774 3474 et
791 3422 945 3475 tnanit'este
969 3423 1080 3476 vitiosa,
1116 3422 1175 3479 Sed
1201 3427 1250 3481 ubi

190 3515 306 3573 interim
319 3521 418 3567 tnanet
434 3513 482 3566 illa
500 3511 673 3582 imperatrix
691 3522 720 3564 et
732 3511 910 3566 dominatrix
926 3512 1030 3566 harum
1049 3514 1251 3573 offensionum

239 3759 261 3811 l)
279 3755 376 3801 Auris.
392 3756 492 3811 captent
504 3758 530 3798 et
540 3754 642 3805 jactent.

188 3887 417 3908 oum——

238 3960 265 4034 *ι’
277 3979 335 4034 sn.
348 3977 393 4029 ar.
406 3986 437 4026 ιι
450 3976 490 4027 ιιι.
503 3975 558 4028 etit
572 3983 594 4025 ι.
606 3977 626 4024 ³.
640 3977 699 4029 ιιι.
714 3975 784 4027 ιιι,
802 3975 1033 4023 ttontccccxxx.
