2586 4696
542 280 640 348 tsatz·
1052 259 1136 341 aas·

54 421 233 505 prohibetur
243 431 296 490 alia
305 434 371 507 lege
384 428 416 492 et
426 422 589 510 superiori,
605 457 643 494 ne
661 437 748 493 ducet
761 437 849 492 talem
855 436 988 492 'ttxoretn
1002 436 1118 503 fratris,

55 539 134 594 quae
157 524 213 578 sibi
236 537 282 581 est
300 527 376 594 tilia,
405 528 474 599 quia
497 527 586 583 liliam
604 530 713 583 ducere
738 529 787 583 lex
812 541 930 582 naturae
955 525 1113 597 prohibet,

55 611 168 667 etiamsi
190 612 241 668 lex
259 615 385 687 positiva
408 632 536 672 uxorem
559 618 655 672 fratris
675 619 781 672 mortui
799 618 913 688 jubeat.
949 615 1005 669 Sed
1023 630 1123 695 quota

55 716 126 757 sum
141 702 272 758 verbosa
289 704 343 758 iata
360 705 536 777 disputatio,
564 707 604 761 mi
623 706 748 773 Antoni,
772 706 827 761 nisi
849 707 923 759 forta
940 704 971 760 si·
990 704 1018 758 in
1036 696 1127 757 sutuss'

55 806 123 846 rum
142 791 193 846 tibi
210 810 286 864 opus
305 796 360 849 erit
378 813 447 849 cum
465 796 608 867 imperitis
627 797 724 865 legum
742 797 911 866 disputare?

123 879 192 936 Nos
210 883 245 936 ad
263 900 327 937 rem
344 884 496 939 veniamus
516 898 546 940 et
561 887 711 953 dicantus,
732 887 844 940 Mosen
856 901 923 938 esse
941 891 1113 948 mortuum,

56 969 173 1026 vixisse
191 984 290 1026 autem
305 971 435 1028 ludaico
453 975 582 1046 populo,
607 992 662 1029 nec
680 975 802 1044 obligari
822 990 877 1030 nos
895 973 1008 1042 legibus
1027 971 1115 1026 illius.

56 1059 132 1114 Ideo
149 1048 292 1133 quicquid
314 1078 354 1117 ex
371 1063 464 1118 Mose
489 1075 516 1119 et
541 1065 727 1135 legislatore,
752 1064 808 1119 nisi
833 1065 910 1119 idem
935 1078 975 1117 ex
997 1047 1122 1131 legibus

54 1150 185 1216 nostris,
202 1151 230 1204 id
248 1163 311 1219 est,
328 1151 510 1207 naturalibus
528 1164 558 1208 et
577 1155 721 1225 politicis,
748 1155 905 1224 probetur,
932 1168 993 1207 non
1011 1149 1118 1205 admit.

56 1247 153 1294 umus
169 1255 228 1293 nec
246 1242 464 1296 confundamus
481 1245 568 1298 totius
586 1244 668 1298 orbis
686 1243 820 1314 polttias,
846 1242 899 1298 sed
914 1254 1051 1312 tanquam
1063 1256 1116 1294 ve.

56 1346 167 1385 uenum
185 1331 330 1401 fugiamus
346 1332 507 1388 seditiones
525 1346 554 1388 et
572 1335 806 1405 perturbationes
825 1334 958 1389 ninnium
974 1333 1072 1402 legum
1084 1341 1115 1387 et
1201 1337 1208 1345 “

55 1421 261 1476 honestatum.
294 1421 428 1477 Serviunt
445 1423 510 1477 illue
527 1439 597 1479 suae
614 1424 749 1494 politiae,
767 1440 822 1479 uos
836 1434 956 1479 nostros
969 1419 1115 1476 babemus

56 1510 243 1578 legislatores
269 1512 298 1566 in
323 1513 387 1567 istis
414 1513 522 1571 causis.
543 1570 546 1576 <
565 1515 654 1582 igitur
678 1515 738 1569 ltoc
765 1513 971 1584 disputandum
997 1521 1063 1579 est,
1087 1511 1114 1566 si

56 1599 156 1670 Papae
173 1601 222 1654 vel
236 1600 369 1655 Caesaris
388 1601 500 1671 legibus
519 1604 696 1674 prohibetur
712 1603 882 1672 conjugium
901 1604 976 1657 inter
993 1602 1115 1656 fratrem

59 1697 92 1741 et
110 1701 235 1743 uxorem
253 1692 350 1745 fratris
368 1695 493 1756 mortui,
519 1709 555 1746 un
574 1702 672 1746 tamen
690 1707 746 1747 rex
764 1692 885 1759 Angliue
902 1702 1038 1759 teneatur
1053 1684 1130 1743 Re:

60 1778 160 1846 gioam
174 1779 352 1849 prohibitam
370 1780 479 1834 ducere
505 1794 533 1835 et
555 1781 712 1853 repudiare
736 1781 879 1836 ductam?
913 1779 970 1834 llio
988 1764 1126 1849 responss3

60 1866 188 1921 dendum
205 1880 268 1935 est,
285 1870 365 1940 qood
378 1888 457 1939 nou,
475 1872 528 1925 sed
545 1883 679 1926 teneatur
695 1886 760 1924 eatn
773 1869 898 1925 retinere
911 1868 967 1924 sub
979 1856 1128 1939 periculo*

59 1956 165 2011 salutis
189 1968 218 2013 et
235 1957 428 2014 damnationis
453 1970 598 2015 aeternae.
632 1961 698 2015 lloc
724 1959 767 2013 sic
791 1958 943 2031 probatur.
976 1949 1128 2014 Primum

58 2060 121 2101 non
138 2058 272 2114 constat,
291 2064 358 2102 esse
376 2047 574 2120 prohibitum,
600 2065 698 2121 neque
711 2050 780 2119 jure
798 2048 935 2116 naturali,
956 2064 1054 2120 neque
1071 2045 1115 2102 di.

58 2137 149 2205 vino,
175 2138 228 2192 sed
246 2151 356 2193 tantum
368 2139 437 2208 jure
456 2140 603 2211 positivo,
621 2155 749 2194 uxorem
769 2139 864 2194 fratris
881 2138 999 2195 ducere.
1032 2122 1129 2194 Nam*

56 2225 169 2282 Moses
192 2227 344 2297 legislator
367 2229 454 2284 nobis
479 2241 615 2285 mortuus
641 2240 702 2297 est,
728 2240 759 2286 et
780 2231 854 2285 niltil
879 2242 935 2285 est.
968 2229 1113 2300 Legimus

58 2318 155 2386 enim,
181 2320 263 2390 quod
288 2331 354 2373 ante
376 2320 471 2388 legem
488 2319 588 2375 Masis
614 2330 644 2375 et
668 2320 724 2374 sub
752 2320 874 2376 natumli
903 2321 965 2389 lege
991 2308 1130 2389 agentes*

56 2407 212 2462 Abraham
229 2422 257 2462 et
272 2408 380 2463 Nahor
396 2410 545 2464 duxerunt
562 2409 633 2464 filias
652 2411 749 2465 fratris
767 2411 829 2478 sui,
856 2411 906 2481 qui
930 2410 1036 2479 gradus
1060 2427 1118 2480 po.»

57 2511 122 2553 stea
148 2516 202 2570 per
226 2499 339 2553 Mosen
365 2499 430 2569 lege
448 2500 574 2570 positiva
591 2500 760 2571 prohibitus
778 2512 833 2554 est.
867 2498 907 2554 Et
923 2499 1023 2553 Jacob
1040 2494 1130 2554 duas

55 2605 171 2644 uxores
188 2590 288 2656 duxit,
315 2590 395 2661 quod
414 2590 491 2644 idem
507 2601 612 2660 postea
629 2591 737 2644 Moses
755 2589 916 2660 prohibuit.
951 2585 1132 2662 Reliquum

56 2690 105 2734 est
121 2679 224 2747 igitur,
247 2695 375 2733 uxorem
392 2681 490 2734 fratris
507 2680 617 2734 mortui
635 2680 744 2732 ducere
761 2677 945 2750 prohibitum
961 2693 1029 2732 esse
1043 2678 1114 2747 juro

54 2768 188 2823 humano
213 2781 243 2822 et
268 2770 406 2840 positivo.
448 2770 522 2838 Sed,
548 2780 581 2823 ut
599 2769 746 2836 diximus,
773 2769 947 2837 conjugium
970 2779 1015 2822 est
1035 2759 1127 2837 jttris'

56 2859 144 2913 divini
162 2869 189 2912 et
205 2860 355 2914 naturalis.
389 2859 446 2913 Ubi
463 2874 543 2913 nunc
560 2869 668 2929 pugnat
682 2859 733 2927 jus
750 2858 881 2912 divinum
898 2870 928 2912 et
940 2858 1113 2930 positivum,

55 2949 163 3003 cedere
175 2950 262 3004 debet
273 2952 325 3018 jus
339 2949 497 3019 positivum
510 2949 625 3015 divino,
645 2958 767 3020 propter
781 2948 862 3020 quod
874 2949 962 3003 etiam
974 2937 1125 3006 Christus

54 3037 153 3107 legem
180 3039 294 3115 repudii
318 3038 347 3091 in
366 3037 455 3092 bdose
479 3038 617 3105 sustulit,
644 3048 677 3091 ut
700 3047 841 3092 statueret
863 3038 960 3107 legem
982 3040 1112 3111 conjugii

57 3129 198 3183 divinant.
232 3128 409 3183 Peccauerit
425 3144 497 3196 ergo
509 3129 579 3183 Rex
590 3126 713 3196 Angliae
730 3128 867 3181 ducendo
884 3127 982 3184 fratris
1001 3131 1112 3186 mortui

54 3235 203 3285 ttxorem,
221 3219 392 3288 peccaverit
409 3218 437 3271 in
454 3219 550 3288 legem
566 3218 726 3272 humanam
744 3230 773 3271 et
785 3217 901 3272 civilem
915 3219 1050 3276 Caesaris
1062 3223 1112 3278 vei

53 3309 171 3380 Papae:
196 3310 303 3380 quodsi
322 3309 432 3363 Caesar
448 3309 495 3363 vel
515 3309 592 3378 Papa
610 3324 678 3362 suas
696 3309 776 3377 leges
800 3308 825 3361 ei
849 3309 1013 3379 remiserit,
1039 3311 1112 3368 nihil

54 3399 178 3455 otnnino
197 3399 350 3468 peccavit,
368 3403 434 3469 quia
451 3397 528 3452 idem
543 3399 648 3465 Deus,
666 3397 716 3467 qui
729 3397 871 3468 approbat
884 3398 978 3467 legem
991 3401 1112 3456 civilem

54 3505 71 3542 a
89 3488 216 3542 Caesare
234 3488 335 3555 latatn,
361 3487 504 3558 approbat
520 3489 606 3542 etiatn
625 3488 718 3555 legem
736 3487 870 3542 Caesaris
887 3505 903 3541 a
920 3489 1048 3544 Caesare
1066 3481 1118 3545 ref

53 3579 198 3644 missam,
222 3580 289 3648 quia
307 3575 386 3631 dedit
404 3578 430 3631 ei
448 3588 624 3649 potestatem
642 3577 721 3643 leges
739 3577 850 3632 terendi
876 3587 906 3631 et
927 3580 1091 3634 remittendi
1098 3619 1109 3648 ,

53 3679 85 3723 et
101 3680 135 3721 ut
152 3669 187 3721 ita
205 3668 315 3734 dicum,
335 3668 434 3721 claves
454 3668 558 3736 ligandi
576 3679 605 3720 et
616 3667 750 3722 solvendi
765 3670 793 3722 in
806 3680 883 3722 terra
897 3668 952 3721 sibi
965 3668 1109 3738 subjecta.
1131 3669 1134 3673 ’

54 3759 140 3815 Idem
159 3758 225 3810 dico
244 3757 280 3809 ‹le
299 3757 398 3826 Papa,
425 3757 474 3810 ubi
493 3755 642 3826 tyrannide
660 3756 738 3810 civili
757 3766 872 3825 regnat:
899 3757 1010 3812 etiamsi
1027 3751 1126 3813 nullo¹

47 3849 119 3921 jure
130 3844 215 3915 ligat,
233 3858 329 3899 tatnen
343 3846 366 3898 si
379 3846 523 3911 remittat,
540 3845 635 3900 multo
652 3844 744 3914 magis
757 3847 850 3912 valet,
869 3862 957 3917 quam
970 3846 1019 3900 ubi
1032 3846 1111 3916 ligat.
1124 3842 1125 3846 ’

53 3934 114 3994 Sed
128 3937 153 3992 si
175 3937 242 3990 Rex
264 3935 427 4008 repudiabit
446 3935 609 4005 Reginam,
633 3936 770 4008 peccabit
795 3935 970 4006 gravissimo
995 3939 1109 3996 scolere
1132 3938 1135 3943 ’

135 4029 208 4107 stt.
226 4026 286 4097 tt.
866 4036 906 4098 20
