2586 4696
1098 283 1139 358 ⁴9

73 392 224 499 Guttam
248 452 280 501 et
305 458 413 518 pacem
435 444 465 501 iu
484 444 607 507 Christo
615 487 626 516 ,
650 448 681 503 io
702 443 844 504 Christo.
869 448 1004 519 inquom,
1027 462 1090 501 non
1109 444 1140 500 iu

74 535 206 602 muodo,
228 537 339 592 Amen.
363 534 415 591 De
427 534 563 608 apologis
575 536 785 594 silentiivestri
795 536 819 603 ¹)
832 537 918 605 aliut,
939 537 978 591 mi
994 535 1140 607 Philippe.

73 622 132 677 ttic
149 624 276 679 nuntius
292 624 417 680 fortuito
432 638 462 679 et
480 639 601 697 repente
619 626 736 681 oblatus
754 635 784 680 et
800 626 931 681 abiturus
949 642 1035 695 aegre
1053 624 1108 679 hes
1122 641 1141 679 e

73 710 272 782 Witenbergs
298 724 457 785 acceptas,
478 714 508 780 ²)
541 731 637 786 usque
667 717 703 770 ed
728 715 959 784 Norimbcrgam
986 715 1139 784 terendas,

74 803 169 874 potuit
185 814 369 875 expectare,
395 814 428 861 ut
445 804 512 859 inde
535 805 571 859 ed
594 820 651 860 nos
675 806 809 874 veniret,
834 806 932 860 donec
954 805 1059 860 nuntio
1081 804 1141 861 alio

75 890 161 947 htius
178 888 208 959 3)
223 892 444 948 scriberemus.
461 886 490 958 ⁴)
522 892 590 963 Ego
608 906 673 948 tues
693 894 837 948 ineximas
854 887 885 960 ⁵)
904 910 1008 961 cures,
1031 892 1141 965 quibus

10 1006 12 1013 ·
76 994 103 1037 te
119 982 233 1038 scribis
253 984 415 1051 consumi,
438 983 633 1038 vehementer
650 983 714 1038 cdi:
740 983 821 1054 quod
843 984 886 1037 sic
903 994 1026 1052 regnent
1043 984 1072 1037 in
1089 992 1141 1038 tuo

76 1068 185 1141 corde,
210 1088 276 1127 non
295 1084 342 1129 est
356 1065 384 1135 ⁶)
407 1072 577 1143 magnitudo
595 1088 719 1141 crusse,
745 1072 799 1127 scd
816 1073 986 1142 magnitudo
1004 1072 1141 1127 incrcdo.

75 1163 159 1219 iitstis
172 1174 311 1220 nostrae.
340 1164 419 1220 Num
432 1165 535 1219 eodem
545 1180 633 1219 causo
644 1164 742 1234 major
755 1164 810 1218 fuit
822 1164 879 1218 sub
889 1165 912 1218 J
914 1164 1032 1218 ohanne
1044 1164 1139 1233 iiuss,

74 1260 102 1309 tt
114 1252 219 1309 multis
237 1253 324 1322 aliis,
342 1268 431 1324 quem
443 1252 501 1308 sub
513 1252 612 1309 nobis.
646 1253 766 1308 Deinde
778 1263 810 1307 ut
822 1252 861 1306 sit
873 1268 995 1323 magna,
1013 1268 1139 1322 maguus

74 1354 117 1399 est
131 1352 163 1399 et
177 1351 273 1397 actor
288 1352 321 1396 et
337 1352 424 1397 autor
441 1344 523 1414 ejus,
540 1359 639 1415 neque
657 1343 735 1397 cuim
752 1353 855 1397 nostre
873 1353 928 1397 est.
962 1343 1024 1397 Cur
1039 1333 1068 1409 ⁷)
1086 1342 1141 1413 igi.

74 1446 117 1487 tor
130 1434 176 1489 sic
192 1442 351 1505 perpetuo
368 1441 398 1487 et
413 1433 476 1487 sine
494 1432 687 1503 respiratione
705 1443 734 1487 te
753 1434 909 1488 maceras?
943 1430 971 1486 Si
990 1442 1036 1488 est
1048 1412 1140 1488 cauea

74 1524 159 1591 hita,
182 1537 390 1578 revocemus:
417 1522 463 1576 sin
486 1539 557 1576 veru
581 1533 644 1589 est,
671 1538 726 1576 cur
747 1522 873 1577 incitnus
895 1521 976 1576 inum
1003 1521 1155 1578 intentis·

73 1613 225 1685 promissis
244 1612 444 1680 mendacem,
471 1613 521 1682 qui
537 1605 567 1679 ⁸)
591 1630 647 1667 nos
667 1613 754 1683 jubet
778 1629 846 1667 esse
871 1613 969 1666 unimo
986 1613 1091 1705 gtioso
1109 1621 1141 1670 et

75 1702 265 1759 tomientit.
292 1703 411 1770 Jacta,
437 1703 549 1774 inquit,
575 1719 689 1757 curam
713 1709 804 1757 tuom
829 1719 927 1773 super
951 1702 1140 1758 Dominum.

76 1792 125 1849 itis
138 1793 189 1867 qui
206 1790 359 1849 tribulato
377 1802 446 1847 sunt
461 1794 553 1848 corde
571 1810 665 1865 prope
683 1805 729 1848 est
741 1794 893 1848 Dominus
911 1792 1069 1861 omnibus,
1088 1791 1140 1864 qui

83 1881 210 1938 inruont
229 1898 320 1937 eum.
336 1873 364 1948 ⁹)
396 1881 479 1937 Num
493 1882 529 1948 ¹⁰)
546 1883 602 1939 ista
619 1885 649 1939 in
667 1892 789 1936 ventum
808 1882 952 1955 loquitur,
970 1881 1072 1938 autad
1090 1882 1142 1937 be.

87 1973 315 2046 su‘asprojieit?
347 1970 413 2041 Ego
431 1973 518 2027 etiem
536 1968 655 2045 saepius
674 1972 850 2040 concutior,
867 1971 905 2034 ¹¹)
924 1974 977 2027 sed
995 1990 1055 2027 non
1073 1989 1143 2045 per.

84 2056 173 2133 pm.
206 2059 418 2132 Philosophia
434 2070 483 2115 tua
501 2061 539 2115 its
556 2072 585 2116 te
602 2056 709 2128 vexet,
725 2078 786 2115 non
803 2061 952 2130 theologia
962 2102 971 2130 ‚
990 2080 1041 2132 es,
1064 2076 1142 2135 quas

82 2152 326 2208 etsoechimum
343 2161 444 2216 tuum,
461 2151 513 2222 qui
531 2150 602 2204 mihi
620 2152 706 2207 simili
721 2168 792 2205 cure
805 2152 869 2207 rodi
882 2153 1008 2209 videtur.
1044 2152 1156 2226 Quasi.

79 2259 144 2298 tero
169 2245 235 2298 ista
258 2242 300 2307 111)
326 2254 425 2297 vestra
454 2241 545 2296 inutili
574 2257 645 2297 cure
673 2243 834 2315 quidquam
863 2242 980 2298 efficere
1009 2244 1143 2315 possitis.

81 2330 144 2390 tut
160 2331 237 2389 ison
256 2334 330 2388 tum
349 2331 394 2388 ter
405 2329 501 2392 Stoici
517 2330 590 2390 nteit
602 2328 685 2391 tione
703 2333 772 2387 trun
785 2329 834 2394 oui
847 2345 875 2388 tt
888 2336 942 2389 out
953 2332 1091 2401 tenuere?
1104 2330 1142 2398 ¹³)

81 2420 155 2497 Quid
178 2422 276 2477 inde?
299 2414 341 2488 11)
375 2420 515 2475 Obsecro
533 2432 579 2488 te,
597 2421 647 2492 qui
667 2420 694 2474 in
711 2420 851 2474 omnibus
870 2421 932 2475 eliis
951 2439 1070 2492 pugnax
1086 2438 1141 2490 ee,

32 2540 36 2559 ι
81 2512 186 2568 luctare
211 2511 307 2565 etiam
325 2519 429 2565 contre
446 2520 474 2564 te
492 2509 611 2580 ipsum,
635 2511 797 2562 maximum
815 2509 937 2563 hostem
962 2522 1065 2577 tuum,
1091 2512 1143 2581 qui

35 2622 38 2627 ·
86 2599 194 2656 manae
215 2612 335 2655 tantum
353 2615 504 2654 armorum
522 2610 624 2653 contra
642 2610 670 2652 te
682 2591 722 2665 ¹⁵)
740 2600 896 2652 ministrae.
932 2599 1068 2654 Christus
1086 2618 1144 2671 pro

14 2760 17 2765 Ι
92 2694 205 2759 percutis
225 2702 369 2744 mortuus
387 2701 433 2743 est
449 2688 561 2755 semel,
579 2702 608 2743 ut
625 2706 678 2760 pro
692 2688 806 2757 justitia
825 2699 854 2741 et
870 2689 994 2744 veritate
1007 2706 1066 2743 non
1078 2706 1144 2745 mo.

94 2780 187 2851 rietur,
213 2782 272 2836 sed
292 2774 329 2846 ¹⁶)
346 2779 418 2834 vivit
436 2791 466 2834 et
483 2788 591 2847 regnet.
627 2779 655 2833 si
673 2776 736 2831 hoc
754 2793 859 2831 verum
877 2792 941 2843 est,
965 2781 1031 2850 quis
1046 2790 1143 2835 metue

93 2882 133 2925 est
145 2890 194 2944 pro
212 2871 361 2938 veritate,
385 2870 409 2923 si
429 2870 476 2923 itte
495 2870 617 2937 regnat?
653 2868 690 2920 At
708 2878 916 2937 prosternetur·
934 2861 973 2936 17)
997 2887 1052 2942 per
1069 2871 1144 2926 irunt

88 2958 142 3015 Dei
148 2964 161 3018 .’
186 2972 420 3034 prosternamur
446 2970 475 3013 et
497 2956 675 3024 nesciunt,
693 2951 730 3020 15)
759 2959 889 3012 sednon
908 2975 961 3029 per
977 2977 1044 3016 nris.
1080 2960 1142 3034 Qui

10 3058 21 3072 “·
84 3064 162 3123 peter
183 3062 297 3107 noster
318 3052 413 3105 fuctus
439 3060 498 3115 est,
528 3048 583 3102 erit
610 3059 639 3101 et
665 3047 829 3101 liberorum
854 3060 1039 3104 nostrorum.
1075 3051 1143 3119 Ego

83 3157 158 3197 eene
176 3157 239 3197 oro
255 3157 314 3212 pro
332 3150 361 3194 te
379 3140 550 3209 diligenter,
576 3148 605 3192 et
622 3137 710 3191 doleo
728 3148 757 3192 te
777 3138 1041 3207 pertinacissimum
1059 3158 1144 3196 curn.

15 3294 18 3298 ,
80 3250 145 3289 rum
170 3231 346 3286 hirudinem
369 3247 451 3284 meos
476 3245 583 3300 preces
608 3227 651 3281 sic
676 3227 770 3281 irritus
795 3229 903 3283 fucere.
937 3229 1003 3298 Ego
1021 3232 1142 3301 quidem

10 3325 22 3363 ἵ
79 3320 160 3395 qnod
178 3321 217 3376 sd
236 3334 355 3375 causam
373 3318 475 3373 attinet
493 3323 652 3387 (stupome
669 3317 718 3385 sit,
736 3334 772 3370 en
789 3318 922 3388 spiritus,
940 3319 1046 3378 viderit
1058 3321 1143 3375 curt.

10 3575 13 3583 ¹
126 3526 339 3581 {neomesiam
352 3525 505 3580 tronum
528 3525 561 3572 im
575 3525 797 3582 ssttttnpolotite
810 3525 919 3572 silentio.
959 3528 1019 3579 ztss.
1035 3530 1144 3586 adeptas.

13 3650 20 3657 ,
79 3601 134 3653 it!
156 3602 258 3647 advos.
306 3600 330 3649 4)
351 3599 848 3647 Flac-Hicnuutios-scriberentur.
897 3603 920 3651 5)
938 3600 1145 3651 nummism-

86 3678 169 3720 rimus.
220 3676 387 3724 itm—est.
437 3672 612 3730 7)Λ..Ωιιιιε.
662 3677 683 3721 8)
702 3674 726 3718 Ι).
746 3672 836 3730 quibus.
888 3674 945 3728 9)ss
973 3675 1050 3731 Prope
1064 3679 1101 3720 est
1114 3675 1144 3719 D.

84 3760 149 3794 ιιι
163 3749 204 3806 qui
218 3747 273 3793 trib.
288 3759 306 3792 t.
322 3748 395 3793 turdo
410 3746 485 3804 etqui
500 3752 547 3791 etc.
598 3749 630 3796 to)
644 3746 668 3790 B.
683 3748 728 3791 An.
774 3751 808 3798 1))
822 3748 846 3793 Β.
862 3747 965 3792 crucior.
1014 3751 1046 3798 12)
1064 3749 1090 3795 Β.
1103 3750 1145 3798 hut

85 3821 252 3874 huttsiun
264 3822 355 3869 munte.
405 3820 532 3871 totunm
545 3820 660 3868 ttrittr.
711 3822 743 3869 to
762 3820 976 3879 B.-Qutuiuuc.
1028 3823 1061 3869 ts)
1080 3822 1147 3867 itte

10 3938 17 3949 ‚
86 3892 284 3953 ips-affetum
297 3897 327 3940 Α.
378 3895 410 3945 to
423 3893 449 3938 tt.
464 3894 503 3951 qui
516 3898 587 3940 nuuc.
638 3895 670 3944 17)
689 3893 712 3937 ii.
728 3895 743 3945 ⁴.-
757 3894 842 3950 iuquis.
895 3893 1149 3949 13))ὀιιιοΙιιΑ,

10 3960 16 3970 '
86 3972 267 4029 prosternatur,
284 3969 323 4018 tlt.
339 3976 377 4015 utu
390 3968 422 4016 et.
435 3969 618 4024 prosternetur)
636 3969 662 4012 et
675 3977 719 4013 uos
733 3966 810 4011 simul.

166 4047 238 4125 w.
260 4041 323 4114 IV.
919 4042 940 4107 i
