2594 4696
497 380 502 389 ’
540 360 629 443 tssn'.
1073 369 1114 439 st

84 524 291 579 Mlnddeus'
305 539 331 586 p.
346 528 391 577 tm.
418 528 587 595 coelestin.
606 532 624 578 i.
636 533 671 582 st.
696 533 754 586 ‘Bai
771 528 934 577 Aarttsser
951 529 992 576 lii.
1010 528 1027 575 i.
1040 531 1084 578 112.

377 604 479 657 Strui&
493 608 533 656 itt
546 607 640 656 00010
652 605 717 653 xvi.
729 607 789 653 2823.

60 730 185 806 Optimo
202 739 234 788 et
249 732 378 790 sincero
395 752 487 791 servo
505 729 640 806 Christi,
656 736 701 793 D.
718 733 838 792 Jacobs
854 731 990 803 Probst,
1014 733 1117 788 Theo=

117 822 229 899 logias
246 824 449 896 Licentiae,
466 827 616 884 ministro
633 825 720 883 verbi
736 827 770 880 in
787 825 923 894 Brema,
930 823 1044 897 fratri
1059 841 1117 881 suo

118 910 328 972 charutimo.
347 919 371 986 ¹)

62 1023 201 1126 Gratium
213 1081 246 1127 et
256 1089 366 1145 pacem
378 1072 407 1128 in
417 1072 563 1130 Domino.
598 1072 776 1130 Intellexisti
788 1073 941 1128 absentem
952 1086 1001 1125 me
1014 1070 1118 1137 sitisse,

62 1176 124 1216 eum
145 1174 254 1218 vester
268 1163 430 1220 «iohannes
447 1165 582 1221 Zelstius
606 1166 737 1235 veniret,
760 1165 801 1218 mi
818 1158 956 1231 dacobe,
979 1172 1008 1216 et
1030 1160 1121 1214 doleo

61 1266 133 1309 ttae.
167 1253 214 1307 At
239 1261 273 1308 et
287 1251 362 1308 hinc
385 1253 415 1307 in
431 1253 462 1320 2)
488 1248 544 1309 Dei
562 1271 651 1309 causa
673 1270 796 1321 versor,
819 1253 871 1307 ubi
895 1250 1009 1324 imperii
1028 1248 1121 1304 totius

25 1342 147 1409 ,mules
166 1342 200 1398 in
217 1357 279 1398 nos
296 1342 452 1398 incumbit.
486 1344 553 1398 Hoc
570 1351 594 1400 1.
611 1344 658 1398 die
674 1343 757 1398 Junii
773 1341 804 1407 ³)
823 1343 934 1398 Caesar
951 1341 1076 1395 Carolus
1087 1330 1119 1406 ⁴)

25 1416 31 1479 i
59 1429 190 1502 tusmgt
203 1442 269 1500 est,
287 1432 367 1489 forte
380 1433 415 1487 ad
429 1431 631 1488 Pentecosten
644 1437 808 1501 Augustam
821 1432 977 1486 concedet.
1008 1429 1121 1498 Magna

60 1537 121 1592 spes
138 1534 190 1579 est
209 1522 373 1578 Caesarem
391 1523 555 1578 clementer
577 1534 731 1590 acturum,
756 1534 785 1577 et
803 1539 873 1576 sane
893 1521 1041 1575 hactenus
1060 1518 1122 1572 cie.

58 1622 168 1669 uenter
183 1623 297 1668 nostro
313 1611 452 1683 Principi
465 1612 511 1668 bis
528 1624 577 1667 ant
593 1624 638 1668 ter
654 1613 790 1682 scripsit,
816 1612 951 1666 similiter
968 1622 998 1663 et
1016 1609 1063 1662 alii
1081 1623 1122 1662 ex

61 1703 119 1772 ejus
144 1702 232 1771 aula,
262 1703 443 1774 praesertim
467 1702 577 1758 Comes
604 1703 640 1757 de
666 1701 786 1757 Nussau
809 1700 968 1754 ilenricus.
1001 1697 1122 1752 Deinde

61 1791 117 1847 hoc
136 1792 257 1863 insigne
277 1792 454 1847 clementiae
479 1791 627 1860 ostendit,
650 1808 721 1846 cum
739 1791 847 1846 Duces
863 1784 1022 1856 Baviriae,
1045 1789 1122 1842 Dux

67 1881 227 1952 Georgtus,
260 1880 408 1938 Marchio
430 1881 592 1949 Joschim,
621 1891 848 1953 praetereuntes
873 1881 1055 1949 Augustam,
1086 1878 1123 1932 ad

69 1971 219 2029 Csesmm
229 1970 416 2045 lnsprugum
428 1984 652 2044 properassent,
670 1983 701 2026 ut
712 1971 870 2024 Caesarem
884 1978 1122 2040 corrumperent,

70 2072 96 2118 et
105 2063 334 2136 praevenientes
350 2079 420 2117 eum
437 2063 467 2118 in
484 2063 657 2136 Principem
675 2073 811 2117 nostrum
834 2062 1005 2127 incitarent,
1028 2060 1124 2116 noluit

18 2130 25 2255 ἱ
65 2170 111 2208 eos
125 2154 242 2210 Caesar
259 2152 433 2218 admittere,
457 2151 562 2207 volens
580 2170 613 2207 se
635 2154 780 2217 integrum
797 2142 826 2217 ⁵)
850 2152 880 2206 in
897 2167 984 2207 causa
1001 2166 1123 2209 servare

20 2270 28 2355 ι
62 2243 275 2318 diuquoque.
308 2242 348 2298 Et
365 2259 501 2298 summus
514 2242 708 2298 Cancellarius
722 2240 915 2298 Mercurinus
932 2243 1026 2313 palam
1037 2243 1125 2308 dixit,

22 2356 28 2435 ι,
64 2350 92 2388 se
104 2334 193 2390 nolle
210 2334 360 2389 interesse
377 2334 515 2388 violentis
533 2333 684 2398 consiliis,
701 2333 782 2403 quod
799 2321 924 2388 vidisset
941 2333 1014 2388 satis
1031 2332 1125 2386 Wor.

23 2442 26 2449 ·
63 2428 184 2496 raetiae,
213 2426 289 2498 quid
314 2425 462 2481 efficerent
479 2426 606 2480 violenta
625 2426 758 2480 consilia.
791 2424 948 2479 Ecciesiae
968 2440 1017 2478 res
1042 2434 1125 2493 optat

24 2548 30 2613 Ι
65 2534 126 2572 cunr
145 2534 226 2589 pace
244 2516 397 2571 constitui.
432 2515 520 2570 Hunc
538 2515 671 2570 Naaman
695 2516 773 2569 forte
797 2514 835 2568 ibi
852 2513 941 2568 Deus
964 2530 1019 2585 pro
1036 2512 1124 2567 nobis

64 2606 230 2662 suscitavit.
265 2605 395 2659 Tantum
411 2621 551 2672 oremus,
571 2605 669 2674 coepit
687 2603 782 2656 oratio
801 2603 933 2656 exaudiri
944 2643 952 2668 ,
973 2618 1032 2655 non
1051 2603 1126 2655 des‘.

23 2736 31 2755 t
63 2714 178 2751 namus.
214 2695 329 2764 Magna
346 2706 392 2750 est
409 2712 541 2750 annonae
558 2695 663 2747 caritas
677 2696 843 2760 Augustae,
861 2704 893 2747 ut
909 2693 1053 2762 Princeps
1072 2709 1126 2745 no.

23 2790 26 2799 '
66 2800 124 2842 ster
142 2786 272 2855 singuiis
289 2785 458 2856 septimanis
474 2778 500 2848 ⁶)
519 2789 567 2838 100
584 2784 715 2837 florenos
733 2801 787 2853 pro
806 2784 872 2837 solo
892 2800 964 2852 pane
977 2782 1126 2853 expendat

16 2882 25 2915 ²
65 2888 94 2932 et
114 2876 325 2932 hebdomatim
348 2880 414 2930 2000
438 2875 568 2930 florenos
591 2868 622 2939 7)
651 2873 794 2927 absumat.
840 2873 911 2928 Non
937 2885 1077 2944 poterunt
1093 2865 1125 2935 8)

19 3010 26 3033 ,
67 2970 114 3023 diu
132 2970 191 3024 ista
209 2967 331 3022 comitia
349 2967 464 3021 durare.
497 2966 608 3020 Eccius
630 2962 662 3017 00
680 2964 900 3034 propositiones
924 2964 1041 3018 diabolo
1065 2965 1126 3035 pie.

17 3110 23 3127 Ι,
66 3076 117 3112 aas
145 3059 176 3111 in
203 3073 262 3111 nos
287 3056 404 3123 effudit,
436 3055 567 3109 offerens
594 3072 626 3107 se
653 3053 842 3123 disputationi
868 3064 973 3106 contra
1001 3069 1125 3121 omnes,

16 3144 22 3155 '
68 3160 280 3219 praeterquam
298 3157 401 3201 contra
419 3162 451 3200 se
470 3145 584 3214 ipsum,
610 3156 696 3214 atque
714 3145 787 3195 adeo
809 3154 912 3196 contra
930 3134 958 3210 9)
977 3143 1127 3213 seipsum

67 3239 212 3293 maxime,
258 3235 327 3291 Nos
350 3236 481 3289 ridemus
505 3235 611 3288 iuriam
631 3233 778 3288 hominis:
807 3242 937 3287 nonest
960 3233 1044 3286 iocus
1064 3232 1126 3301 jam

10 3356 17 3389 ‚·
69 3326 259 3398 disputandi,
284 3335 442 3397 postquam
458 3322 622 3396 hostis-tot
639 3321 802 3389 occiderit,
829 3338 885 3375 nec
902 3321 958 3375 erit
975 3325 1127 3390 Augustae

10 3462 13 3477 .
69 3432 202 3488 tempus.

135 3507 205 3576 Ego
223 3505 252 3560 in
270 3505 438 3560 confinibus
455 3520 560 3557 moror
578 3502 704 3571 regionis
722 3502 886 3558 Saxonicae
905 3501 932 3554 in
951 3501 1048 3555 medio
1064 3499 1129 3551 Wi.

10 3634 12 3651 .
70 3597 229 3665 tenbergae
253 3608 282 3649 et
299 3598 461 3663 Augustae.
494 3592 566 3647 Non
591 3592 669 3646 enim
693 3592 748 3644 fuit
773 3580 871 3644 tutuui
893 3607 941 3644 nte
965 3595 1131 3658 Augustam

121 3830 218 3879 0))αώ
232 3828 331 3874 Auris.
404 3829 427 3878 2)
447 3827 571 3880 A.†}1ac.
645 3827 668 3878 8)
686 3829 714 3871 Α.
729 3825 814 3870 ntttno
829 3825 851 3870 d.
864 3822 972 3869 tannarii
987 3821 1128 3874 tinntuttrtu.

67 3906 90 3956 s)
106 3906 134 3947 Α.
148 3926 173 3935 -
187 3902 303 3957 Carolus,
318 3901 366 3946 unt
380 3900 447 3948 tuiiir
459 3898 543 3946 adhuc.
618 3902 639 3950 5)
659 3902 686 3942 Α.
707 3897 811 3942 interint.
885 3900 907 3942 ό)
923 3899 950 3942 Α.
965 3893 1128 3939 hebdomariis.

67 3981 90 4029 7)
105 3978 226 4034 B.-pro
240 3975 298 4022 sula
311 3984 377 4031 pane
391 3976 437 4020 etc.
464 3977 492 4017 A.
505 3977 550 4020 uu.
600 3973 623 4023 8)
643 3971 915 4040 uertuntpotuernnt.
965 3969 989 4022 9)
1007 3965 1129 4014 senet.

67 4055 198 4097 -cuutta
