2586 4696
192 271 253 333 512
674 271 762 340 issi.

192 426 280 480 studii
297 436 328 482 et
344 429 505 486 voluntatis
522 433 632 499 fuisse,
650 450 720 487 eum
733 433 829 491 sciant
841 441 869 489 et
879 430 990 505 ubique
1003 434 1154 491 fateantur
1167 431 1261 494 etiam

192 515 230 583 ii,
256 517 384 588 quinon
401 538 472 576 vere
490 523 631 590 credunt,
656 524 808 578 Christum
831 524 1025 579 descendisse
1049 535 1182 599 propter
1200 538 1260 578 uos

190 601 329 661 homines
348 608 537 665 redimendos
555 629 571 666 a
590 624 714 683 peccato
734 626 764 668 et
780 625 888 668 morte.

258 719 315 776 ilic
343 724 454 793 primus
482 725 567 779 locus
594 725 661 794 mit,
691 727 741 797 qui
767 727 905 782 alienavit
930 727 1060 782 animum
1088 733 1197 782 meum
1224 726 1260 781 ab

191 807 331 867 Erasmo.
367 813 508 868 Protinus
534 808 677 886 suspicari
703 817 790 887 coepi
812 833 880 871 eum
904 833 972 872 esse
996 818 1178 900 simpliciter
1198 819 1258 874 De.

192 901 352 956 mocritum
370 918 423 958 seu
440 903 624 974 Epicurum,
651 917 681 959 et
696 919 853 960 versutum
871 909 1024 961 irrisorem
1044 906 1185 971 Christi,
1209 909 1256 980 qui
1276 937 1278 941 ν

191 991 303 1064 ubique
320 992 421 1047 odium
439 1009 525 1049 suum
546 997 575 1049 in
592 997 745 1051 Christum
767 997 829 1052 suis
848 996 1024 1067 Coepicuris
1048 996 1182 1066 indicat,
1200 997 1258 1054 'sed

192 1081 230 1135 itu
257 1081 383 1150 figututis
408 1093 438 1138 et
467 1085 615 1141 insidiosis
643 1086 761 1155 verbis,
792 1097 823 1140 ut
853 1087 1048 1142 furiosissime
1076 1086 1257 1143 debaccheri

192 1171 288 1242 possit
314 1172 342 1226 in
369 1171 565 1242 christianos,
595 1177 645 1246 qui
674 1177 736 1229 suis
761 1176 890 1249 obliquis
917 1187 946 1230 et
973 1179 1127 1247 suspectis
1155 1178 1257 1233 verbis

194 1260 318 1325 offensi,
344 1278 404 1317 non
428 1263 656 1335 interpretentur
677 1265 776 1319 omnia
798 1283 854 1337 pro
875 1265 995 1320 Christo
1019 1282 1147 1337 eorum,
1174 1267 1259 1340 quasi

192 1366 269 1405 uuus
287 1351 432 1406 Erasmus
451 1355 479 1408 in
497 1354 570 1408 orbe
588 1371 713 1424 regnum
730 1356 879 1427 possideat
901 1355 1086 1429 liberrimum
1112 1354 1258 1414 insidiose

193 1450 224 1493 et
249 1429 369 1511 oblique
396 1442 533 1513 loquendi
559 1444 595 1497 de
621 1443 895 1512 rebusmaximis,
924 1455 954 1498 et
980 1461 1089 1500 omnes
1115 1447 1258 1501 homines

193 1528 344 1583 obnoxios
369 1528 477 1585 habeat
499 1533 527 1586 in
551 1548 586 1586 ea
608 1532 767 1600 servitute,
791 1545 824 1588 ut
848 1544 990 1602 cogantur
1014 1533 1207 1606 obliquitates
1230 1545 1259 1591 et

194 1621 313 1687 insidias
333 1621 399 1693 ejus
416 1634 499 1679 recte
517 1634 546 1677 et
563 1626 680 1678 sincere
693 1625 879 1695 interpetari.
912 1625 972 1679 Cur
989 1623 1051 1695 ipse
1073 1618 1178 1695 potius
1197 1645 1257 1683 nou

192 1709 327 1782 loquitur
345 1725 422 1766 recte
441 1725 470 1769 et
487 1714 608 1784 aperte?
642 1713 682 1768 Ut
706 1714 775 1784 quid
798 1714 959 1768 delectatur
974 1713 1085 1769 insidiis
1104 1727 1135 1770 et
1152 1715 1255 1786 liguris

192 1800 257 1856 istis
275 1812 334 1855 tam
353 1802 551 1872 periculosis?
584 1800 699 1856 Debuit
717 1813 812 1856 tantus
830 1803 934 1857 rhetor
957 1812 987 1858 et
1010 1802 1172 1873 theologus
1195 1822 1255 1859 nou

192 1892 292 1946 solum
308 1892 405 1960 scire,
424 1893 580 1947 sedetiam
600 1890 727 1947 fideliter¹
741 1890 908 1963 praestare,
927 1893 1007 1964 qnod
1026 1894 1118 1949 docet
1134 1894 1252 1963 Fabius,

193 1981 309 2036 scilicet
327 1979 496 2050 ambiguum
508 1981 633 2035 verbum
645 1998 700 2036 seu
713 1982 871 2051 scopulum
883 1999 949 2037 esse
963 1970 1126 2038 vitandum.
1162 1983 1253 2059 Quod

192 2070 217 2125 ai
235 2054 308 2122 casu
325 2070 444 2140 tliquod
467 2069 631 2137 exciderit,
655 2070 771 2129 veniam
790 2081 935 2124 meretur:
963 2070 1014 2125 sed
1038 2072 1139 2127 studio
1164 2083 1196 2128 et
1212 2075 1254 2128 in.

192 2159 303 2213 dustria
327 2160 491 2229 (luterens,
519 2158 582 2214 hoc
605 2159 684 2214 nulla
707 2160 811 2228 venia,
841 2161 894 2215 sed
917 2161 1088 2231 justissimo
1118 2163 1252 2218 omnium

193 2249 263 2305 odio
280 2249 399 2317 dignum
417 2263 471 2304 est.
507 2249 554 2302 nd
573 2248 643 2320 quid
660 2251 739 2304 enirn
755 2250 816 2306 hoc
828 2250 955 2320 bilingue
969 2261 998 2304 et
1010 2241 1120 2306 odibile
1134 2253 1253 2309 dicendi

191 2354 284 2409 genus
301 2339 398 2404 valet,
424 2338 478 2395 uisi
503 2349 535 2392 ut
557 2339 612 2392 sub
637 2339 761 2394 vocibus
786 2348 815 2392 et
839 2339 930 2394 literis
953 2339 1143 2396 christianam
1163 2341 1254 2398 fldem

193 2422 399 2486 simulantibus
424 2428 556 2483 omnium
579 2425 748 2483 haeresium
774 2429 885 2489 semina
910 2439 975 2484 tuto
999 2446 1103 2485 serere
1127 2441 1158 2487 et
1175 2432 1253 2487 alere

192 2522 309 2598 possis,
327 2537 362 2574 ac
380 2520 450 2573 dum
468 2519 568 2573 doceri
587 2530 616 2573 et
633 2519 749 2573 defendi
767 2519 898 2574 creditur
909 2520 1030 2589 religio,
1050 2537 1156 2577 revera
1170 2524 1253 2578 tolla.

191 2623 240 2667 tur
257 2612 406 2678 funditus,
425 2621 454 2664 et
471 2623 627 2681 antequam
645 2608 832 2677 intelligitur,
849 2619 1010 2664 evertatur.

258 2707 359 2801 Quare
378 2738 459 2781 recte
475 2724 584 2779 fnciunt
598 2739 722 2791 omues,
741 2723 791 2794 qui
808 2734 949 2793 suspecta
964 2735 993 2778 et
1007 2723 1151 2780 insidiosa
1162 2727 1254 2781 verba

192 2818 256 2887 ejus
275 2830 378 2870 contra
398 2831 466 2868 eum
482 2813 508 2878 ¹)
527 2816 766 2883 interpretantur.
802 2812 870 2866 Nec
889 2823 936 2866 est
953 2813 1096 2868 audienda
1116 2817 1183 2885 ejus
1202 2834 1253 2871 vo.

193 2907 343 2960 ciseratio:
371 2905 535 2972 calumnia,
553 2903 715 2969 calumnia,
733 2915 761 2955 et
779 2903 860 2973 quod
878 2918 937 2956 non
957 2905 1120 2959 commode
1139 2916 1170 2961 et
1188 2925 1254 2961 cuo.

193 2996 260 3050 dide
278 2996 507 3064 interpretemur
524 2994 589 3063 ejus
613 2993 700 3046 dicta.
737 2990 800 3045 Cur
823 2993 887 3062 ipse
905 2993 978 3061 fugit
996 2996 1161 3051 commode
1179 2997 1254 3052 dicte

193 3099 223 3143 et
239 3099 369 3142 sectatur
386 3085 576 3141 incommode
594 3084 691 3138 dicta?
723 3081 814 3138 Esset
836 3085 912 3137 enirn
931 3083 1006 3138 haec
1023 3089 1158 3157 tyrannis
1176 3088 1253 3143 insu

193 3180 266 3245 dita,
290 3178 462 3231 universum
479 3191 572 3244 genus
590 3175 744 3228 hominum
763 3174 800 3228 itu
824 3173 935 3229 habere
961 3176 1038 3230 velle
1066 3178 1252 3247 subjectum,

194 3277 224 3322 ut
242 3267 382 3322 insidiose
400 3276 430 3319 et
448 3263 615 3335 periculose
633 3263 707 3315 dicta
727 3272 886 3330 cogeretur
902 3265 1062 3318 commode
1075 3266 1252 3338 intelligere,

193 3369 224 3412 et
242 3358 280 3411 illi
299 3370 421 3425 regnum
439 3353 604 3408 concedere
617 3366 737 3423 semper
749 3353 889 3406 insidiose
902 3353 1054 3424 loquendi.
1090 3356 1176 3430 Quin
1192 3361 1252 3430 ipse

193 3448 290 3522 'potius
308 3455 431 3514 cogatur
447 3444 476 3496 in
494 3441 645 3507 ordinem,
663 3452 692 3493 et
706 3441 846 3510 jubentur
862 3442 975 3496 seruire
994 3445 1094 3510 generi
1108 3447 1252 3511 humano,

192 3539 254 3593 hoc
273 3545 335 3599 est,
358 3534 506 3588 abstinere
530 3530 566 3584 ab
591 3530 648 3584 isto
673 3532 799 3602 profano
818 3545 847 3586 et
864 3531 984 3600 bilingui
1002 3534 1180 3607 flexiloquio
1199 3555 1252 3593 seu

193 3625 436 3698 inaniloquentia,
462 3622 537 3675 sicut
561 3620 672 3677 Paulus
696 3622 859 3694 praecepit,
881 3623 973 3677 vitare
995 3626 1147 3696 profanas¹
1161 3643 1249 3683 ceno.

193 3705 330 3793 phonias.

195 3856 717 3887 ...---—-·—⁴--·-

242 3964 263 4013 l)
281 3957 379 4005 Viteb.
398 3954 484 4012 ipsum.
