2586 4696
134 387 138 394 Ι
189 306 252 368 sos
294 356 335 380 ,,
673 305 762 374 asu.

188 461 317 520 Eraemo
342 464 580 538 respondendum
604 482 691 535 esse,
717 468 794 522 scito
818 482 834 520 a
858 473 908 520 nte
933 462 1054 536 quidem
1079 461 1153 518 eatis
1180 477 1252 518 esee

189 564 389 611 contemtum:
416 572 482 610 nam
507 573 544 611 ne
569 574 657 611 unam
676 557 797 628 quidem
815 556 880 625 ejus
898 554 1032 632 chartam
1049 552 1118 624 legi.
1152 547 1251 608 Jonas

189 643 217 698 ei
243 645 336 698 semel
363 646 534 716 respoudit,
559 662 607 700 me
632 656 832 717 repugnante,
859 653 890 699 et
914 642 1081 698 secundum
1100 640 1252 712 judicium

131 748 134 756 ·
188 745 273 789 tuum
292 735 327 790 ad
344 746 528 791 contemtum
546 737 692 792 hortante.
725 736 807 791 Novi
834 735 913 791 enim
935 733 1089 795 hominem
1115 734 1200 789 intus
1223 741 1252 788 et

101 825 117 840 ²
189 822 219 879 in
237 836 326 891 cute,
352 826 401 896 qui
425 826 530 895 dignus
554 826 684 892 nonsit,
710 824 855 879 rit-bonus
872 825 920 878 vir
936 839 1005 878 cum
1026 839 1065 878 eo
1083 822 1249 895 quidquam

189 926 254 986 agat
271 926 320 969 aut
338 915 493 987 loquatur,
517 928 577 972 tam
594 917 723 986 perditae
748 914 872 970 invidiae
894 924 924 969 et
947 914 1181 969 malevolentiae
1196 912 1249 986 hy.

188 1005 304 1077 pocrita
323 1018 377 1061 est·
412 1001 568 1069 Praeterea
584 1005 681 1074 nosti,
699 1021 788 1077 quam
806 1005 920 1061 soleam
937 1001 1000 1060 hoc
1014 1018 1112 1073 genus
1123 1003 1247 1076 scripto.

188 1110 258 1157 rum
268 1094 383 1149 silendo
394 1105 431 1150 et
449 1095 669 1150 contemnendo
681 1095 816 1149 vincere.
850 1092 937 1166 Quot
945 1092 1026 1148 euim
1038 1091 1138 1148 libros
1148 1092 1246 1168 Eccii,

188 1182 291 1252 Fabri,
308 1184 445 1250 Emseri‚
463 1184 586 1240 Cochlei
599 1195 629 1239 et
641 1185 766 1240 aliorum
780 1185 994 1256 plurimorum,
1009 1183 1059 1253 qui
1071 1183 1248 1239 videbantur

188 1272 272 1328 velut
289 1286 406 1340 montes
423 1275 585 1346 parturire,
608 1285 637 1328 et
655 1274 758 1330 nescio
776 1290 851 1346 quae
869 1283 1002 1328 monstra
1018 1272 1162 1344 parituri,
1186 1275 1249 1345 ipse

188 1379 258 1417 meo
276 1362 393 1418 silentio
411 1363 456 1419 sio
473 1363 587 1431 delevi,
605 1364 732 1419 utnulla
750 1362 854 1421 eorum
872 1370 971 1418 exstet
986 1362 1145 1418 memorie.
1179 1361 1251 1417 Viti.

188 1451 349 1521 litigatores
368 1465 454 1507 vocat
472 1469 524 1507 eos
550 1454 644 1519 Cato,
667 1466 696 1507 et
722 1470 826 1508 eorum
849 1453 999 1509 orationes
1025 1452 1095 1508 siuit
1119 1448 1252 1523 praeter.

188 1542 297 1608 liuere,
321 1543 371 1613 qui
397 1551 493 1596 tumen
512 1545 586 1597 sorte
606 1543 834 1611 inclaruissrnt‚
860 1543 885 1597 si
903 1543 1036 1613 dignatus
1053 1542 1164 1598 fuisset
1181 1559 1250 1598 cum

189 1631 232 1686 eis
249 1632 348 1687 rixari.
383 1633 496 1688 Verum
514 1645 560 1688 est
577 1633 646 1687 illud
664 1633 795 1689 triviale:
1200 1647 1206 1656 ·

287 1723 355 1776 Hoc
373 1724 438 1778 scio
456 1741 510 1794 pro
529 1735 629 1792 certo,
647 1723 745 1795 quod,
766 1724 790 1777 si
810 1740 880 1777 cum
897 1731 1036 1778 stercore
1055 1732 1160 1797 certo,

335 1812 429 1867 Vinoo
446 1813 493 1867 vei
511 1815 632 1881 vincor,
651 1828 771 1884 semper
788 1830 842 1881 ego
860 1811 1004 1868 maculor.

189 1901 294 1960 Gloria
311 1900 414 1957 nostra
431 1903 507 1957 haec
526 1918 586 1960 est:
604 1903 747 1974 qrridquid
766 1904 794 1957 in
807 1903 965 1975 Scripturis
979 1912 1009 1958 et
1019 1901 1161 1959 Patribus
1175 1920 1250 1958 con.

186 2003 233 2048 tra
250 2007 306 2048 rios
323 1993 448 2062 produci
466 2003 581 2064 potest,
598 1994 776 2066 productum
789 2004 817 2049 et
829 1995 1009 2049 declaratum
1021 2003 1079 2049 est.
1113 1995 1167 2050 De
1179 1994 1249 2050 reli.

188 2099 269 2155 quo,
288 2092 383 2137 manet
401 2083 467 2139 illos
479 2084 571 2153 gloria
584 2095 694 2138 tantum
707 2085 920 2152 maledicendi,
935 2084 1116 2153 mentiendi,
1135 2086 1254 2140 calum.

187 2171 304 2241 niandi,
331 2188 419 2244 quam
444 2189 498 2226 cur
521 2175 563 2226 eis
586 2173 789 2248 invideamus,
814 2187 885 2229 cum
901 2173 990 2230 nullis
1007 2173 1071 2229 aliis
1088 2175 1250 2240 virtutibus

188 2261 303 2336 possint
320 2269 348 2314 et
364 2261 455 2316 velint
471 2261 587 2316 nobiles
605 2262 689 2319 lieri?
776 2260 780 2269 '

253 2369 303 2424 De
327 2369 456 2428 Erasmo
481 2380 577 2424 autern
601 2366 730 2424 admirati
756 2375 859 2426 sumus
881 2369 1028 2442 judicium
1052 2377 1160 2440 tuum,
1185 2387 1251 2444 quo

187 2460 363 2532 simpliciter
379 2462 501 2528 statuis,
520 2477 588 2514 eum
607 2460 678 2514 nihil
695 2460 804 2515 habere
817 2461 990 2516 firmamenti
1003 2461 1030 2514 in
1044 2476 1097 2516 sua
1110 2461 1251 2517 doctrina

186 2560 304 2621 praeter
316 2551 447 2606 levorem
461 2549 632 2604 hominum:
651 2549 756 2605 tribuis
775 2549 799 2603 ei
818 2547 959 2604 inscitiam
976 2567 1100 2621 quoque
1119 2561 1151 2605 et
1170 2553 1252 2606 mali.

186 2640 267 2694 tiam.
303 2641 394 2715 Quod
411 2625 560 2711 judicium
583 2642 607 2695 si
633 2641 722 2710 vulgo
746 2641 958 2711 persuaderes,
984 2658 1038 2694 nae
1056 2650 1089 2695 tu
1106 2644 1251 2713 parvulus

186 2731 356 2786 Davidulus
374 2732 436 2785 hoc
454 2749 515 2786 uno
532 2735 592 2785 ictu
607 2732 696 2786 istum
712 2732 961 2801 gloriosissimum
975 2731 1098 2788 Goliath
1115 2747 1250 2805 prostra-

186 2821 267 2874 veris
286 2831 314 2874 et
331 2832 443 2874 sectam
462 2821 526 2890 ejus
539 2823 708 2874 universam
720 2820 813 2874 semel
826 2820 1030 2875 eradicaveris.
1065 2820 1150 2896 Quid
1170 2826 1250 2878 enim

187 2911 290 2964 favore
313 2911 468 2964 hominum
493 2912 597 2965 vanius
622 2919 653 2965 et
676 2910 826 2978 fallacius,
850 2927 919 2964 curu
944 2911 972 2964 in
998 2911 1060 2964 aliis
1088 2914 1247 2980 omnibus,

186 3011 250 3055 tum
267 3002 395 3055 maxime
415 3002 443 3055 in
461 3002 551 3055 rebus
570 3000 786 3072 spiritualibus,
804 3012 834 3055 ut
851 3001 963 3056 Psalmi
983 3011 1144 3059 testantur:
1172 3005 1250 3059 Non

186 3076 234 3162 est
256 3090 291 3144 in
314 3108 348 3144 eo
373 3089 484 3154 salu&
508 3102 551 3145 et:
577 3090 680 3143 nuruis
703 3090 796 3143 horno
816 3091 967 3146 ruendam
1002 3091 1030 3144 si
1056 3090 1144 3161 igitur
1168 3104 1248 3148 totus

185 3179 331 3237 Erasmus
350 3197 444 3234 vanus
463 3192 525 3246 est,
543 3190 568 3232 et
587 3182 712 3234 vanitate
731 3198 765 3231 ae
782 3181 936 3233 mend-acio
950 3181 1064 3235 nititur:
1085 3182 1158 3253 quid
1173 3197 1248 3257 opus

187 3280 233 3324 est
251 3271 276 3322 ei
296 3271 499 3341 respondere?
528 3267 694 3324 Evanescet
707 3270 823 3323 taudem
837 3270 938 3341 etipse
952 3287 1020 3323 cunr
1034 3283 1088 3324 sua
1100 3274 1248 3339 vanitate,

186 3371 265 3418 srerrt
284 3362 398 3427 sumus,
426 3355 450 3412 si
469 3375 537 3412 eum
556 3359 632 3412 inter
650 3359 769 3414 umbras
786 3359 856 3412 istas
874 3373 902 3413 et
921 3359 1156 3430 vitilitigatores,
1180 3379 1246 3418 meo

185 3450 303 3506 silentio
322 3450 518 3516 obscuratos,
536 3465 739 3503 numeremus.
1034 3453 1036 3457 '
1151 3452 1154 3460 “

251 3554 318 3623 Ego
337 3572 407 3610 sane
425 3554 581 3624 aliquando
600 3554 687 3607 tribui
711 3555 736 3609 ei
762 3555 905 3624 insignem
930 3556 1154 3626 incogitantiam
1173 3559 1197 3626 ¹)
1220 3568 1254 3633 et,

187 3645 461 3718 inaniloquentiam:
487 3646 560 3698 adeo
586 3645 665 3698 enim
687 3644 841 3698 videbatur
865 3655 991 3699 tractare
1017 3662 1065 3701 res
1091 3663 1196 3705 sacras
1220 3657 1249 3704 et

186 3721 277 3794 serias
303 3737 499 3806 negligenter,
529 3750 632 3789 rursus
660 3735 741 3790 leves
767 3751 875 3805 nugas,
903 3736 1027 3790 ridicula
1052 3745 1081 3791 et
1102 3738 1252 3812 jocularia*

189 3888 714 3906 -ᾳ-*ῇ*

193 3999 206 4015 ·’
235 3989 257 4037 t>
274 3985 370 4032 vitel.
388 3983 582 4031 inconstantiam.
657 4002 660 4011 ’
