2586 4696
540 247 630 383 nso.
1050 303 1109 390 trs

47 463 151 522 sinon
166 472 274 537 potest
290 467 340 523 leo
358 482 444 537 esse,
466 469 531 525 vult
547 485 615 526 esse
632 469 731 525 draco.
764 466 835 525 Jem
860 462 889 525 in
913 463 1024 522 insidiis
1040 479 1108 519 ver.

46 552 105 608 seri
121 570 249 609 uuum
271 572 405 612 nostrum
427 554 483 628 ipsi
506 558 624 614 videtis.
637 562 646 579 ’
659 557 762 634 Quare
778 574 838 612 non
863 564 926 621 est,
950 563 984 609 ut
1000 553 1036 608 de
1056 551 1107 607 hie

46 642 139 699 multe
161 644 306 701 scrutum.
341 647 420 720 Quis
443 648 522 704 enim
545 648 707 704 intellectas
731 648 850 702 insidias
870 662 932 701 non
955 643 1040 699 lscile
1060 656 1109 696 cn.

47 737 135 791 rent?
167 734 232 807 Ipsi
256 749 420 809 quaenunt,
444 749 475 792 ut
496 739 685 793 donnnentur
707 737 773 793 lidei
795 749 826 791 et
847 734 1036 791 conscientiis
1044 772 1054 801 ,
1077 744 1109 788 et

48 834 111 878 erte
129 823 186 880 ista
203 840 261 881 eos
276 839 406 881 nvoeere
422 827 528 882 volunt
544 828 681 893 asorbo,
700 827 779 898 qnod
798 826 867 882 satis
883 825 985 890 video,
1003 836 1108 876 verum

48 913 121 969 nibil
136 924 260 985 mutto,
278 916 346 989 qrtia
363 917 387 972 si
406 917 519 973 insidiis
537 929 677 990 pergent,
694 916 855 988 impingent
871 917 926 987 ipsi
941 915 972 969 in
989 925 1108 967 nostras

48 1004 181 1060 insidias.
215 1005 296 1061 Nem
314 1006 363 1060 ubi
376 1007 437 1061 lroc
451 1024 544 1062 unum
555 1008 725 1075 tenueritis,
742 1023 798 1062 vos
811 1005 883 1062 nihil
895 1013 999 1060 eontra
1009 1002 1110 1057 Evsn.

47 1096 156 1164 gelinm
175 1111 384 1152 concessuros
401 1112 487 1164 esse,
504 1109 552 1152 aut
563 1095 774 1162 concessisse,
791 1097 860 1169 quid
879 1107 942 1150 turn
956 1102 1025 1149 sunt
1043 1093 1109 1149 illo.

48 1200 113 1239 rum
132 1184 280 1241 insidiae?
313 1184 379 1241 Nae
397 1203 452 1256 ego
465 1199 534 1241 tunc
547 1185 673 1257 pulchre
689 1202 743 1240 eos
756 1195 937 1250 tractavero,
955 1183 1108 1238 declarans

48 1274 205 1330 rhetorica
221 1290 307 1342 ntea,
324 1275 405 1347 quod
423 1276 481 1330 sint
500 1278 562 1330 ansi
580 1286 683 1330 contra
701 1275 892 1344 Evangelinm
915 1291 929 1327 n
947 1274 1035 1329 vobis
1053 1288 1108 1345 po.

46 1369 156 1421 nutare
180 1366 343 1437 quaedem,
375 1367 422 1420 isti
446 1367 516 1426 tanti
539 1365 604 1420 lidei
630 1377 659 1421 et
682 1365 835 1436 Evangelii
860 1375 1106 1437 propugnatores.

45 1455 84 1511 Et
102 1467 196 1525 esto,
216 1457 325 1526 aliquid
343 1456 499 1510 manifeste
516 1456 612 1528 (quod
631 1474 690 1511 non
708 1458 818 1511 iacietis
837 1457 957 1511 Christo
975 1452 1107 1516 livente)

45 1559 152 1601 eontra
163 1546 362 1615 Evangelium
376 1549 603 1612 concesserunt,
620 1560 649 1601 et
662 1547 699 1602 ita
712 1549 739 1600 in
754 1564 875 1601 saccum
888 1547 1015 1619 aliquem
1028 1546 1108 1617 aqui.

46 1635 106 1690 lam
130 1636 218 1691 istam
242 1635 461 1690 concluserint:
485 1636 603 1702 veniet,
626 1654 664 1690 ne
688 1636 804 1703 dubita,
832 1637 931 1690 veniet
953 1635 1106 1690 Lutherus

45 1725 131 1780 liene
146 1725 275 1797 equilum
291 1724 470 1781 liberaturus
486 1725 649 1797 magnilica.
684 1727 726 1782 Ita
744 1728 816 1781 vivit
831 1726 983 1782 Christus:
1000 1742 1107 1780 verum

48 1814 116 1870 hoc
133 1815 198 1870 erit.
230 1814 335 1889 Quare
352 1815 444 1870 nolite
463 1816 565 1872 timere
582 1817 715 1872 victores
729 1817 795 1886 jum
809 1816 965 1872 violentiae
983 1816 1019 1868 ub
1041 1815 1108 1869 istis

51 1903 146 1958 bullis
163 1905 347 1971 insidiarum,
364 1916 431 1960 utut
442 1922 491 1960 res
503 1906 654 1961 ceciderit.
687 1906 779 1961 Liber
791 1916 835 1962 est
846 1906 998 1961 Lutherus
1006 1945 1016 1974 ‚
1033 1905 1109 1960 liber

50 1996 134 2051 forte
156 2004 184 2050 et
201 1989 351 2063 Maride,
377 1995 456 2066 qnod
475 1995 601 2064 nollem,
624 2006 656 2050 ut
673 1996 718 2051 sic
736 1996 847 2067 sapiam
864 1997 888 2062 ¹)
913 2006 1015 2051 contra
1041 1995 1109 2049 insi.

48 2085 131 2149 dias,
154 2096 185 2139 et
204 2083 311 2140 ismael
330 2096 435 2139 contra
455 2094 586 2139 manum.
605 2087 650 2149 (ἲ)
684 2085 790 2141 Fortes
814 2096 909 2141 estote
933 2098 962 2141 et
983 2085 1108 2141 viriliter

46 2176 137 2245 agite.
172 2172 217 2236 et
239 2175 286 2239 iet
303 2173 376 2240 tidt
393 2175 476 2239 usti»
497 2185 576 2232 ttenn
593 2171 626 2240 ir
647 2174 698 2232 ruit
715 2176 764 2232 len
782 2174 889 2233 llinlut
908 2174 1015 2241 (dritten
1033 2175 1109 2233 nul·

46 2269 140 2336 petru.

110 2353 217 2410 Porro
233 2352 262 2407 in
279 2352 338 2408 isto
356 2353 530 2424 praesertim
548 2353 691 2420 articulo,
708 2354 736 2409 in
754 2371 815 2426 quo
830 2353 958 2426 petitur,
975 2367 1007 2408 ut
1021 2353 1108 2409 sLe.

46 2453 116 2513 gato
135 2453 168 2497 et
178 2438 261 2514 Papa
275 2432 465 2513 postulemus
481 2441 569 2496 nobis
585 2443 727 2511 concedi,
746 2459 821 2514 quae
838 2444 923 2497 nobis
937 2445 1107 2514 permittere

47 2535 162 2600 velint,
178 2532 212 2597 ²)
235 2533 365 2587 obsecro
390 2542 434 2598 te,
457 2541 489 2588 ut
512 2534 700 2588 Amsdorlice
724 2535 905 2606 respondeas
928 2535 956 2588 in
978 2534 1108 2605 aliquem

50 2624 210 2694 angulum:
226 2620 292 2689 vri
311 2626 364 2679 unt
381 2622 425 2678 let
442 2620 522 2687 nard
539 2627 593 2680 utu
610 2622 692 2690 nnn
710 2623 747 2680 ltu
764 2623 818 2680 lltt
834 2624 941 2680 urllttn
958 2621 990 2685 ³)
1015 2618 1108 2681 irritu.

50 2713 121 2769 Vale
131 2753 141 2780 ,
164 2711 206 2766 mi
223 2710 385 2782 Slralatine,
412 2723 441 2765 et
458 2728 547 2782 parce
571 2712 678 2765 levitati
696 2711 783 2780 huic,
799 2728 895 2783 ‚quant
906 2711 983 2766 vrnilti
1007 2722 1109 2765 extor.

50 2813 124 2874 quet
141 2803 216 2857 mira
233 2801 391 2870 indignatio
411 2803 612 2871 pessimorum
636 2802 803 2857 hominum.
838 2800 888 2856 Ex
909 2800 1038 2869 Eremo,
1062 2801 1108 2856 die

49 2895 79 2948 8.
96 2890 275 2962 Augustini,
291 2884 321 2959 ¹⁵)
340 2889 507 2945 Mnxxx.
1019 2946 1026 2956 .

727 2979 766 3034 T.
783 2980 932 3037 ilianinns
951 2981 1074 3037 Lutlter.

84 3318 126 3370 ts.
146 3309 276 3386 tuest.
816 3315 873 3371 Nl.
891 3313 1074 3372 MCCXCV.

199 3425 205 3436 ¹
401 3465 449 3533 tlt
473 3456 759 3544 tll'rlnunrtsu.

337 3620 474 3674 utinttdm
488 3622 589 3674 nunnus
603 3623 647 3669 ruit
661 3624 711 3670 lem
723 3623 826 3677 utrium.

101 3847 123 3894 t)
140 3841 241 3887 Anrlt.
256 3843 284 3886 nt
298 3840 330 3885 rit
342 3841 469 3898 rapientia
518 3844 542 3891 2)
560 3843 590 3887 Α.
608 3841 703 3889 volunt.
755 3843 777 3893 3)
797 3841 855 3888 cod
868 3841 923 3889 Jen.
943 3841 1024 3890 lelltm
1040 3840 1065 3886 ln
1079 3840 1108 3895 tt.

53 3922 80 3960 tt.
93 3918 199 3962 mitten.
248 3916 272 3967 a>
285 3915 366 3966 netu.
380 3915 403 3968 tt.
416 3916 437 3962 5.
451 3914 567 3972 Augusti,
580 3915 634 3962 urlt
648 3916 686 3961 ter
699 3914 770 3967 tirtel
781 3916 826 3961 run
839 3918 888 3962 tem
902 3914 1107 3969 lrltrrttrutttld·

52 3990 120 4028 utria
134 3990 169 4028 re.
