2586 4696
544 326 637 397 erati
701 381 702 385 a
1030 295 1124 392 ate

59 482 170 539 tollunt
194 497 266 538 etun⁴
283 482 381 554 Iegem
399 482 589 540 deducenda
610 484 710 542 fratris
727 474 976 542 mortai‘ut'toret
993 480 1020 545 ¹)
1046 496 1126 552 qm

56 582 158 628 tamen
171 575 312 646 exemplo
325 575 417 630 nobili
430 576 520 647 ipsius
532 577 636 643 Ruth,
653 591 718 631 eam
735 575 832 645 legem
844 573 995 641 allegantis
1005 572 1035 638 ²)
1053 569 1127 639 (etei

57 663 146 722 Boos
156 665 249 720 frater
259 683 320 719 non
333 666 402 732 fuit)
410 663 451 733 3),
463 680 491 720 et
502 669 675 722 testimonio
687 665 840 736 Evangelii
853 666 891 720 de
902 671 1018 735 septem
1030 661 1126 718 tratri.

56 754 117 810 bus
134 755 224 810 unius
241 755 376 811 mulieris
393 758 505 813 marius
523 770 569 813 est
586 757 791 829 comprobata.
803 747 837 822 I)
871 753 981 826 Neque
994 751 1127 807 cavillari

57 837 194 912 licet‚⁵)
223 846 345 900 fratrent
360 846 423 902 hoc
440 849 509 903 loco
527 845 927 919 propinqttumsIgniIIcare:
956 843 1066 914 alioqui
1093 846 1144 921 et¹

59 934 160 992 Lavit.
173 933 284 990 XVIII.
301 935 381 990 idem
393 936 533 992 cavillum
546 937 664 992 valebit.
699 936 818 992 Deinde
835 943 938 991 textus
954 934 1018 1007 ipse
1029 933 1125 989 Dent.

58 1026 154 1082 XXV.
171 1042 234 1081 non
251 1027 328 1092 lert,
349 1030 443 1081 toties
462 1037 601 1099 repetens
618 1028 759 1096 fratrem,
784 1035 814 1081 et
830 1026 867 1081 de
883 1016 1021 1080 tratribus
1037 1023 1128 1076 simul

64 1114 275 1180 habitantibus
286 1116 484 1187 praecipiens.
517 1116 585 1172 Nec
608 1117 754 1173 cavillatio
771 1114 882 1172 sufficit
897 1115 933 1169 ad
953 1112 1127 1185 quietandas

60 1204 281 1271 conscientias,
304 1206 373 1261 ideo
389 1202 422 1273 ⁶)
446 1222 544 1279 neque
563 1206 693 1279 permitti
711 1206 800 1262 debet
817 1207 853 1260 ad
875 1192 995 1261 easdem
1012 1215 1127 1276 pet-tura
1145 1232 1149 1248 .

61 1296 185 1353 bandus.

124 1405 169 1458 At
185 1402 237 1458 hic
261 1398 358 1472 legem
375 1402 468 1458 Deut.
487 1404 581 1461 XXV.
600 1405 690 1461 tuisse
710 1403 958 1480 ceremonialem,
982 1417 1059 1476 quae
1075 1415 1126 1457 oe.

60 1492 132 1548 dere
148 1493 240 1548 debet
258 1494 311 1563 legi
330 1491 430 1550 Levit.
445 1495 575 1563 XVIII.,
594 1513 669 1567 quae
688 1494 775 1551 fuerit
792 1496 931 1559 moraIIs,
955 1494 1022 1566 qnia
1040 1498 1129 1551 cere:

59 1575 199 1639 monialis
223 1585 427 1653 cessaverint,
454 1587 573 1641 moralia
591 1604 651 1641 non
673 1586 832 1642 cesserim:
858 1585 1044 1662 respondeo:
1069 1581 1127 1640 DI.

60 1685 132 1730 cant
150 1673 197 1729 isti
212 1673 395 1743 glossatores
408 1677 540 1745 corrupti
556 1675 670 1747 absque
688 1677 749 1730 uIIo
763 1692 837 1731 sano
849 1675 965 1747 judicio
980 1672 1127 1745 quicquid
1144 1741 1145 1744 Ἴ

61 1761 175 1830 velint,
201 1761 256 1818 no's
280 1776 385 1819 contra
411 1763 555 1833 dicimus,
581 1765 678 1835 legent
700 1765 795 1820 Dent.
812 1763 909 1820 XXV.
932 1779 1004 1818 vere
1029 1764 1129 1818 fuisse'

10 1854 15 1864 '
62 1856 228 1920 moralem,
251 1856 319 1926 quia
336 1871 408 1911 vere
432 1857 486 1910 fuit
504 1855 623 1928 politica
647 1855 683 1912 ad
703 1856 924 1910 conservandas
947 1853 1070 1910 familias
1095 1862 1130 1908 et

63 1945 232 2000 renuendas
249 1944 462 2013 haereditates,
481 1947 516 1999 ad
534 1945 725 2016 quaerendos
741 1943 906 2014 haeredes,
926 1944 986 1999 hoc
1003 1953 1070 2010 est,
1089 1940 1126 1997 ad

44 2030 226 2104 ‘aagendam
250 2045 280 2091 et
304 2035 502 2090 roborandam
522 2035 737 2107 rempublicam
760 2033 909 2104 instituta,
933 2033 1127 2106 quemadmo.
1153 2057 1162 2064 -

62 2125 135 2179 dum
159 2141 262 2194 agrurn
280 2125 380 2180 colere
402 2126 459 2180 isto
484 2138 513 2181 et
538 2127 596 2181 isto
621 2137 777 2199 tempore,
801 2125 849 2181 tali
874 2135 904 2182 et
926 2125 973 2180 tali
995 2123 1072 2193 ritu,
1096 2131 1129 2180 ut

62 2216 187 2271 uberius
205 2200 429 2284 fructificetur,¹
445 2228 492 2272 est
509 2234 580 2272 vere
603 2217 757 2288 politicum
778 2225 808 2272 et
824 2215 954 2282 morale,
976 2215 1044 2288 quia
1067 2214 1127 2271 isto

61 2325 149 2362 more
167 2316 305 2380 parantur
321 2324 408 2377 opes.
442 2308 503 2363 Sub
520 2308 613 2364 Mose
630 2325 692 2365 uon
716 2318 780 2364 erat
795 2308 895 2378 legum
913 2306 1129 2378 contrarietas,

63 2397 136 2453 c'urn
163 2409 288 2471 utraque
312 2399 425 2454 valeret
451 2409 481 2455 et
505 2409 684 2454 servaretur.
717 2397 801 2469 Ergo
826 2415 905 2454 nunc
930 2413 1055 2470 utraque
1083 2411 1129 2460 est

64 2488 214 2557 abrogata.
248 2489 395 2544 Desinant
408 2485 594 2561 itaqueillam
605 2489 682 2545 Lev.
693 2487 805 2557 XVIII.
818 2505 935 2558 urgere,
953 2497 1003 2542 aut
1014 2495 1132 2549 maneat

65 2593 191 2649 utraque
210 2578 301 2632 salva.

133 2685 271 2741 Tenetur
288 2685 387 2758 itaque
398 2685 468 2740 Rex
479 2685 623 2754 Reginam
641 2686 760 2741 ductam
772 2685 901 2741 retInere
924 2682 980 2738 sub
992 2681 1130 2756 periculo

64 2775 167 2831 salutis
192 2788 219 2829 et
238 2775 432 2829 damnationis
450 2786 597 2830 aeternae.
631 2775 699 2830 Hoc
724 2775 768 2830 alc
785 2774 940 2847 probatur.
974 2773 1130 2841 PrImttm5
1180 2837 1185 2845 f

65 2882 129 2919 non
147 2876 281 2933 constat,
300 2882 367 2919 esse
381 2865 561 2936 prohibitum
573 2881 671 2936 neque
683 2864 753 2934 jure
770 2864 894 2920 naturali
907 2880 1002 2935 neque
1015 2862 1129 2931 divino,

67 2957 121 3010 sed
133 2971 243 3009 tantum
256 2957 325 3026 jure
344 2956 474 3028 positivo
484 2997 494 3025 ‚
513 2971 640 3010 uxorem
658 2955 755 3010 fratris
771 2955 892 3010 ducere.
929 2955 1007 3010 Nam
1019 2951 1131 3009 Moses

66 3045 230 3113 legislator,
246 3057 279 3100 ut
297 3046 379 3110 dlxi,
396 3045 485 3100 nobis
502 3061 640 3101 mortuus
659 3053 688 3099 et
704 3044 777 3099 nibil
794 3054 851 3101 est.
885 3042 941 3098 Sed
958 3044 1132 3113 conjugium

67 3143 116 3190 est
134 3134 212 3205 juris
237 3134 329 3194 divini
356 3144 385 3190 et
408 3136 559 3191 naturalis.
593 3135 652 3190 Ubi
670 3150 749 3189 nunc
771 3145 900 3205 pugnant
918 3133 972 3204 jus
995 3132 1133 3195 dlvirtum,

67 3237 97 3279 et
115 3225 295 3295 positivum,
321 3225 429 3280 cedere
448 3226 534 3280 debet
554 3226 608 3295 jue
627 3226 789 3297 positivum
814 3225 871 3294 legi
895 3224 1020 3280 divinae.
1052 3221 1131 3282 Pro.

66 3325 136 3387 pter
154 3315 234 3385 quod
261 3314 349 3368 etiam
368 3313 506 3370 Christus
531 3315 626 3384 legem
645 3314 756 3387 repudii
779 3315 807 3369 itt
826 3314 921 3369 Mose
938 3313 1075 3380 sustulit,
1098 3323 1132 3371 ut

66 3416 213 3459 statueret
225 3405 320 3472 legem
333 3404 463 3474 conjugii
479 3405 618 3458 divinam.
652 3403 829 3460 Peccaverit
843 3421 914 3475 ergo
925 3405 995 3460 Rex
1008 3404 1130 3474 Angliae

67 3498 207 3551 ducendo
232 3495 330 3550 IratrIs
347 3495 457 3550 mortui
481 3511 626 3566 uxorem,
653 3497 790 3568 peccarit
813 3497 842 3551 In
859 3496 954 3567 legem
970 3495 1132 3551 humanam

119 3723 139 3774 I)
158 3722 232 3768 codd.
248 3723 353 3776 (ausam.
369 3722 427 3768 cod.
443 3722 531 3776 Closs)
550 3725 564 3777 †
584 3723 645 3768 nlltll
659 3723 683 3769 ln
697 3723 741 3770 hae
755 3736 782 3770 re
795 3723 891 3782 potsIttl
904 3721 1068 3779 eontlilnere,
1082 3719 1131 3767 ttltl

67 3796 141 3854 plane
155 3794 233 3842 velint
247 3796 364 3841 sublatam
385 3796 462 3852 Iegem
476 3797 547 3843 Deul.
562 3798 636 3844 XXV.
657 3799 686 3846 de
706 3799 814 3846 ducenda
832 3809 909 3845 uxore
928 3797 1011 3843 Iratrlt
1032 3794 1131 3842 morial.

69 3873 92 3918 2)
107 3871 194 3915 Iludd.
210 3870 268 3915 cod.
278 3873 321 3916 lbtl.
339 3871 401 3927 qnod
416 3870 461 3928 ipsi
476 3872 583 3928 allegant
595 3873 619 3924 tl.
635 3885 655 3918 e.
670 3872 686 3917 I.
701 3872 726 3918 II.
776 3876 798 3924 3)
812 3872 924 3920 Οοᾱ.168.
939 3871 1021 3918 tuerit
1042 3869 1131 3918 budd.

68 3948 130 3993 erat.
162 3947 184 3996 4)
199 3944 274 3989 codd,
289 3945 393 3998 (ausam.
404 3947 457 3994 lest
471 3958 520 3991 non
535 3945 691 4004 improbatur.
716 3949 739 3996 ⁵)
755 3947 813 3994 cod.
825 3949 870 3996 ldl.
883 3947 994 4005 possunt.
1020 3943 1131 3999 elcodd.

67 4019 176 4075 (susara.
190 4021 243 4073 lei)
255 4042 282 4055 -
293 4018 358 4065 ideo.
