2594 4696
185 289 249 360 ssa
535 328 538 333 -
666 257 757 368 assa

186 408 331 509 Gratiam
349 463 378 510 et
395 471 499 527 pacem
515 454 544 512 in
557 455 689 513 Christo.
723 455 837 529 Optimi
863 464 894 512 et
916 454 1085 511 charissimi
1107 451 1183 521 viri,
1207 451 1245 508 aa

185 540 347 599 litteras-et
364 546 521 616 petitiones
538 561 654 602 vestras
671 547 755 600 valde
779 557 807 600 et
827 545 965 600 candidas
983 555 1013 599 et
1030 546 1092 616 pias
1109 542 1247 598 breviter

185 633 354 703 respondeo
372 650 428 707 pro
445 646 581 706 tempore
602 646 632 690 et
649 635 722 690 otio.
756 634 868 690 Zelum
889 647 1023 690 vestrum
1047 650 1103 705 pro
1121 631 1245 688 Christo

184 733 216 778 et
233 724 385 796 disciplina
404 725 564 780 christiana
582 724 752 780 vehementi
770 726 875 795 gaudio
893 724 1039 795 cognovi:
1061 724 1115 779 sed
1134 723 1165 777 in
1183 722 1245 777 hoc

185 814 305 869 saeculo
319 825 379 869 tam
392 815 517 870 turbido.
529 827 558 870 et
576 816 708 869 nondum
726 816 796 870 satis
808 832 862 886 pro
875 813 1042 886 recipienda
1054 813 1210 886 disciplina
1219 811 1244 878 ¹)

184 902 295 958 idoneo
312 921 372 959 non
389 905 484 959 ausim
501 907 658 959 consulere
676 916 735 959 tam
754 905 882 959 subitam
900 903 1133 959 innovationem.
1168 901 1244 963 matt

184 991 250 1061 nti
267 989 391 1062 menate
407 991 451 1052 tit
467 991 583 1054 mantea
601 993 683 1062 latita
706 992 751 1055 tin
776 992 865 1065 nenia
889 991 1048 1060 stelantem
1074 986 1136 1055 uni
1154 992 1244 1052 einen

184 1081 301 1144 ttttatrn
318 1083 410 1144 mana
431 1081 482 1150 itu
507 1082 552 1143 tin
574 1082 666 1151 &atet
687 1085 749 1154 sta
772 1081 896 1153 naiman.
929 1083 971 1146 et
993 1082 1062 1144 niti
1086 1081 1135 1151 aa
1160 1081 1245 1151 tetta

184 1169 312 1243 tottam
336 1175 407 1233 lena
421 1171 455 1243 ²)
480 1174 550 1234 nttt
573 1191 627 1246 per
643 1175 739 1245 legem
761 1172 833 1242 stitit
850 1186 950 1246 mugen
968 1171 1081 1233 ttrittn.
1114 1174 1181 1229 Res
1199 1183 1246 1230 ert

183 1277 307 1333 anagnu,
333 1278 392 1318 non
408 1264 439 1318 in
455 1278 506 1332 se,
531 1263 584 1318 sed
602 1275 727 1335 propter
743 1277 905 1334 personas,
924 1279 999 1334 qnae
1014 1256 1158 1334 'potentes
1176 1271 1248 1318 stant

183 1366 309 1407 movere
326 1352 429 1408 turbas
446 1352 532 1407 nobis
550 1351 828 1423 incompescibiles,
847 1352 898 1423 qni
910 1368 1015 1407 snmus
1027 1352 1110 1406 radix
1125 1351 1155 1406 in
1168 1363 1248 1407 terra

183 1441 294 1497 sitienti
301 1443 465 1518 ,necdum
489 1443 679 1498 excrevimus
701 1441 736 1495 ad
760 1457 859 1496 ramos
880 1452 910 1496 et
930 1442 1009 1496 lolia.
1043 1441 1167 1496 Interim
1183 1442 1248 1497 hoc

184 1533 391 1600 consulerem,
418 1541 452 1587 ut
474 1532 588 1588 sensim
610 1543 639 1587 et
663 1531 821 1603 paulatim,
846 1531 925 1586 sicut
949 1548 1005 1587 nos
1028 1530 1080 1586 hic
1104 1532 1248 1601 facimus,

89 1668 92 1672 Α
184 1621 382 1694 inciperemus
400 1622 528 1692 primum
549 1621 678 1676 arcendo
702 1636 717 1674 a
742 1631 928 1676 sacramento
952 1621 1147 1676 eucharistiae
1172 1637 1247 1691 eos,

184 1710 237 1784 qni
254 1711 485 1782 digni-videntur
503 1711 828 1767 excommunicatione:
857 1710 933 1799 liaeo
955 1721 1001 1766 est
1024 1728 1095 1766 vera
1118 1728 1247 1768 excom.

182 1802 365 1869 inculcatio,
382 1818 471 1874 quam
487 1810 598 1856 vocant
613 1801 776 1857 minorem:
794 1801 900 1856 deinde
917 1817 954 1856 ne
973 1803 1183 1873 permittantur
1196 1803 1248 1857 ad.

184 1905 262 1949 stare
279 1891 445 1966 baptismati
468 1891 503 1946 ad
525 1890 666 1945 lavandos
689 1906 809 1963 pueros.
842 1889 922 1946 Nam
945 1907 995 1960 ea,
1021 1887 1098 1964 qn'ae
1123 1893 1246 1964 politica

183 1981 326 2056 prohibet
353 1981 645 2047 excommunicatio,
674 1966 761 2035 nobis
789 1981 871 2035 nullo
898 1982 989 2036 modo
1016 1991 1064 2037 est
1087 1984 1244 2052 tentanda,

150 2087 153 2091 ’
183 2073 312 2146 primum
335 2071 416 2142 quod
435 2087 496 2126 non
513 2070 553 2126 sit
569 2071 663 2125 nostri
681 2069 777 2139 juris,
803 2086 860 2124 nec
882 2070 940 2126 nisi
962 2071 997 2126 ati
1022 2087 1076 2127 eos
1100 2073 1245 2144 pertinet,

185 2162 235 2235 qui
253 2161 357 2216 volunt
374 2175 441 2215 esse
459 2158 522 2214 veri
542 2157 716 2216 Christiani:
743 2159 848 2215 deinde
870 2162 951 2232 quod
968 2160 1031 2216 hoc
1048 2165 1173 2220 saeculo
1190 2180 1245 2220 ex.

185 2250 417 2306 communicatio
434 2251 531 2320 major
546 2265 584 2304 ne
602 2258 709 2319 'potest
727 2250 848 2320 quidem
867 2251 895 2304 in
913 2261 1046 2306 nostram
1064 2262 1246 2325 potestatem

184 2342 294 2411 redigi,
321 2351 349 2395 et
373 2339 486 2395 ridiculi
509 2338 648 2393 fieremus
672 2348 740 2393 ante
764 2339 843 2394 vires
868 2337 944 2394 lianc
970 2351 1128 2399 tentantes.
1163 2343 1246 2400 Nam

186 2432 269 2505 quod
286 2447 343 2486 vos
360 2445 480 2501 sperare
497 2427 655 2497 videmini,
680 2438 713 2482 ut
730 2430 886 2483 exsecutio
902 2430 950 2482 vel
968 2448 1023 2501 per
1039 2431 1140 2503 ipsum
1158 2432 1246 2489 Prin.

186 2523 285 2596 cipem
297 2520 363 2590 fiat,
381 2520 464 2574 valde
481 2522 625 2575 incertum
644 2528 704 2583 est,
722 2533 777 2572 nec
794 2519 901 2573 vellem
921 2519 1076 2590 politicum
1094 2524 1245 2592 magistra.

183 2625 246 2668 tum
264 2613 292 2667 in
310 2612 338 2665 id
356 2609 444 2665 officii
458 2608 597 2675 misceri,
615 2608 669 2662 sed
682 2607 820 2662 omnibus
833 2609 929 2663 modis
942 2611 1088 2682 separari,
1106 2623 1246 2669 uastaret

184 2719 256 2756 vera
274 2711 303 2756 et
321 2712 402 2754 certa
419 2697 567 2752 distinctio
586 2697 738 2768 utriusque
765 2697 962 2767 magistratus.
996 2699 1073 2754 Boni
1093 2704 1244 2757 consulite

184 2791 263 2846 hanc
279 2805 376 2845 meam
392 2788 516 2842 liberam
533 2796 563 2840 et
578 2787 734 2840 fraternam
745 2797 845 2854 certe,
864 2786 942 2841 sicut
953 2804 1002 2842 me
1016 2789 1130 2860 sentio,
1149 2793 1244 2847 vestri

90 2931 93 2935 .
186 2891 352 2948 amantem,
370 2880 562 2934 voluntatem.
596 2876 734 2930 Christus
751 2876 896 2943 gubernet
914 2894 969 2932 vos
988 2879 1091 2950 spiritu
1109 2898 1166 2937 suo
1178 2898 1244 2938 san.

186 2983 237 3026 cto
254 2972 284 3024 in
301 2980 493 3043 perpetuum,
520 2971 625 3021 Amen.
660 2965 741 3021 Ferit
757 2970 783 3020 5.
802 2978 871 3038 post
887 2968 1014 3024 loannis
1032 2970 1185 3042 Baptistae
1204 2977 1244 3028 fe.

187 3074 284 3129 stum,
305 3077 383 3118 anno
399 3052 620 3115 MDXXlllll.
765 3122 774 3130 ‚

749 3122 856 3177 lester
873 3123 1024 3180 Martinus
1042 3125 1211 3186 Lntherus.

218 3432 261 3496 26.
277 3434 427 3507 suniat.
949 3432 1004 3490 Nl.
1023 3435 1213 3499 MDXxvu

243 3532 248 3554 '
496 3563 930 3644 aautaactenent.

233 3716 256 3766 a.
270 3702 357 3767 ulman
369 3709 430 3762 nint
443 3710 487 3757 nait
500 3709 544 3760 et.
558 3707 650 3756 ittarta
664 3708 690 3755 tn
704 3707 775 3758 trinta
788 3706 938 3766 serranum
947 3664 989 3760 itt
1002 3713 1077 3767 natta
1091 3715 1203 3772 untnnft

594 3782 632 3830 tei
645 3781 749 3835 iiinaittn
762 3784 833 3837 tant.

236 3977 258 4026 l)
271 3971 366 4020 Antii.
379 3971 506 4030 disciplina
519 3971 668 4028 nuitustittt.
690 3927 708 4003 s
723 3974 746 4027 2)
759 3972 819 4026 δώ.
833 3982 909 4023 ttttttt.
