2594 4696
73 410 78 421 ι
549 331 639 399 15³0.
1081 330 1120 401 st

92 489 137 545 aa.
154 456 293 556 urant
830 476 901 552 'ua
917 487 1089 546 Mccnvr.
1114 514 1117 519 ·

446 611 496 682 tta
529 583 743 694 &astutia

59 747 211 810 assuatur
223 746 298 796 atara
311 730 390 797 mutet
404 726 458 794 rant
470 748 564 815 aetites
582 751 630 815 unt
642 748 714 800 tutet
727 747 751 796 a
765 756 820 801 aaut
840 747 866 794 in
883 747 921 795 tte
933 748 1059 802 amunte
1078 742 1122 799 tet

234 821 269 868 tte
282 820 358 873 etur
371 820 410 900 tet
424 823 595 879 armantium
608 821 692 878 aeaeis
705 822 752 870 utu
764 821 866 878 renotat
877 820 945 869 utet.

106 1030 161 1081 Sta
176 1030 313 1077 Reddens
325 1043 348 1088 p.
363 1033 407 1081 tas.
422 996 467 1081 aut
479 1042 538 1088 tutu
553 1039 585 1086 (2)
599 1036 656 1090 Qut
669 1034 743 1090 Mam
756 1033 798 1087 itu
811 1031 981 1081 coelestin.
995 1029 1025 1077 n.
1036 1030 1084 1079 m.
1098 1030 1121 1076 b.

43 1105 336 1236 ’ἲέῑᾝῖῗώὲξαῐώ
349 1106 413 1153 xvt.
426 1109 485 1158 atat
512 1109 568 1158 wit
585 1110 657 1162 uua
675 1109 727 1156 cod
739 1106 795 1157 Jeu'.
811 1108 834 1155 b.
847 1109 881 1158 67.
903 1102 1068 1154 Aurlfair‘er
1080 1103 1123 1152 111.

59 1315 206 1419 Gratiam
222 1374 253 1420 et
271 1381 375 1437 pacem
392 1366 421 1421 in
440 1366 563 1424 Christo
577 1368 714 1424 Domino
730 1377 848 1422 nostro.
864 1363 892 1435 ¹)
924 1363 964 1421 Et
980 1379 1037 1433 ego
1056 1378 1123 1418 cre.

59 1453 107 1521 dc,
126 1454 169 1508 mi
181 1454 359 1511 charissime
372 1458 530 1527 spalatina,
544 1459 731 1513 clementium
743 1456 879 1512 Caesaris
892 1471 960 1511 esse
972 1468 1121 1522 magnam,

58 1543 179 1616 qualem
196 1561 303 1601 omnes
321 1547 506 1617 praedicatis.
528 1549 558 1615 2)
592 1548 649 1604 Sed
667 1548 776 1603 nullam
795 1564 879 1618 spem
896 1546 1012 1614 habeo,
1038 1543 1123 1616 quod

56 1642 182 1688 nostrae
200 1650 308 1690 causae
326 1638 362 1692 sit
380 1637 526 1709 propitius
544 1639 660 1693 iuturus
670 1677 680 1706 ,
704 1637 821 1707 etiamsi!
838 1651 1019 1706 magnopere
1039 1633 1120 1689 velit.

58 1721 142 1800 Quid
161 1724 242 1778 enim
259 1741 335 1780 unus
354 1726 449 1781 homo
473 1738 579 1782 contra
602 1735 647 1783 tot
670 1709 832 1782 daemones
856 1727 980 1798 posset?
1015 1722 1122 1796 ltaque

56 1814 239 1884 praesidium
256 1826 391 1871 nostrum
402 1803 556 1872 Dominus
574 1828 620 1874 est
628 1856 638 1885 ,
655 1818 706 1890 qui
724 1819 753 1872 in
766 1815 933 1871 infirmitate
946 1824 1051 1887 potens
1063 1824 1123 1875 eat.-

59 1916 86 1959 et
105 1905 274 1959 delectatur
289 1906 379 1962 solari
397 1907 618 1979 pusillanimos,
637 1918 665 1963 et
677 1908 785 1979 juvare
798 1907 947 1962 desertos.
981 1904 1039 1960 Sed
1051 1903 1123 1976 quid

60 1994 182 2050 interim
200 2012 217 2048 a
233 1995 324 2051 literis
336 1998 444 2052 vestris
457 1999 597 2053 acciderit
608 1999 713 2064 vobis,
731 1998 848 2054 sortiter
862 2010 985 2052 mecum
1003 1995 1122 2066 disputo

60 2096 89 2140 et
101 2085 223 2153 divino,
240 2096 381 2156 reputans
400 2103 462 2141 rem
481 2088 575 2160 ipsam
588 2088 763 2157 jamdudum
778 2087 813 2142 ad
825 2102 1042 2158 paroxysmum
1055 2100 1123 2157 per.

60 2175 202 2241 venisse,
229 2192 263 2229 ac
280 2176 344 2245 jam
361 2194 422 2231 non
440 2177 537 2231 solum
556 2194 625 2233 esse
642 2194 699 2234 vos
719 2179 890 2247 damnatos,
906 2175 937 2244 ³)
962 2176 1017 2232 sed
1034 2174 1139 2257 etiam-

59 2266 119 2338 pati
138 2266 235 2320 minas
252 2275 282 2320 et
299 2267 467 2338 jactantias.
501 2268 617 2324 Mirum
636 2280 682 2324 est
699 2269 795 2337 enim,
821 2284 895 2340 quas
915 2267 1055 2323 victorias
1073 2265 1123 2321 ad.

61 2355 185 2409 versarii
204 2371 243 2409 ex
260 2358 394 2425 Augusta
409 2373 565 2426 spargant,
592 2359 673 2430 quod
689 2351 719 2424 ⁴)
739 2374 795 2414 nos
814 2359 1007 2413 conculcatos
1024 2367 1054 2411 et
1071 2355 1122 2410 de.

59 2448 139 2502 risos
152 2447 218 2516 jam
234 2444 372 2501 habeant.
405 2447 519 2503 Verum
541 2448 704 2516 confidite,
731 2449 769 2502 ait
786 2448 854 2515 iile,
877 2465 935 2522 eqo
952 2446 1013 2501 vici
1028 2463 1122 2500 mun=

61 2536 158 2591 dum:
177 2534 233 2607 qui
242 2533 369 2591 habitat
380 2536 414 2589 in
426 2536 536 2606 coelis,
553 2535 668 2591 ridebit
677 2554 737 2592 eos.
764 2537 814 2592 Sic
826 2537 862 2592 de
875 2552 963 2591 causa
976 2535 1084 2605 cogito.
1094 2526 1122 2599 5)

59 2625 174 2698 Neque
192 2628 270 2680 enim
286 2626 475 2696 juvabimur,
493 2628 548 2681 nisi
567 2610 778 2699 deserti‘prius
796 2629 901 2682 simus,
935 2626 1030 2681 Beati
1046 2626 1122 2680 estis

59 2716 185 2787 (inquit)
203 2708 235 2781 6)
261 2733 331 2770 cum
346 2717 506 2787 persecuti
515 2715 648 2787 fuerint
665 2735 719 2771 rios
736 2717 895 2784 hormines,
923 2728 952 2770 ct
976 2715 1122 2770 dixerint

59 2822 151 2860 omne
164 2805 286 2859 naulum
299 2807 468 2861 adversum
480 2823 535 2860 vos
549 2807 734 2860 mentientes
752 2820 810 2860 etc.
844 2805 913 2860 Nus
932 2806 1121 2874 suscepimus

60 2896 194 2950 officium
208 2895 297 2962 iliud,
314 2897 422 2967 dequo
435 2896 555 2950 dicitur:
573 2896 681 2952 Eritis·
701 2896 773 2951 odio
785 2894 929 2951 omnibus
940 2893 1121 2951 hominibus

56 2993 198 3057 propter
213 3002 271 3039 me.
305 2985 343 3040 Et
361 2984 504 3040 miramur
519 2978 550 3052 7)
567 3001 665 3054 nunc,
689 2985 789 3040 odium
812 2986 888 3040 istud
905 2987 1024 3053 adesse,
1042 2997 1122 3040 tanta

58 3075 116 3129 tide
135 3085 165 3128 et
183 3074 337 3128 autoritate
355 3074 562 3147 praedictum?
597 3061 689 3149 Quod
701 3075 726 3130 si
738 3075 852 3129 irritum
864 3075 925 3130 hoc
935 3074 1121 3146 praedictum

58 3167 210 3231 velimus,
228 3159 255 3229 8)
272 3182 400 3219 necesse
417 3165 470 3219 fuit
487 3176 537 3220 aut
554 3165 683 3220 officium
700 3165 761 3220 hoc
779 3181 839 3219 non
858 3164 979 3231 subire.‚
1001 3174 1050 3219 aut
1068 3183 1121 3219 cu.

58 3271 167 3323 rasse,
193 3272 231 3308 ne
257 3256 486 3326 praediceretur.
520 3254 610 3310 Nunc
628 3272 696 3309 cum
717 3256 899 3329 praedictum
924 3255 980 3323 sit,
1008 3267 1037 3310 et
1061 3273 1119 3311 nos

58 3346 192 3400 officium
207 3346 448 3416 susceperimus,
465 3361 533 3400 sero
551 3345 727 3399 meditamur
745 3346 813 3400 illud
832 3346 946 3400 irritum
965 3356 994 3400 et
1011 3356 1121 3400 vanum

59 3438 137 3492 velie
156 3434 287 3503 habere,
315 3447 344 3490 et
367 3436 525 3492 hominum
549 3437 681 3491 favorem
706 3445 736 3491 et
760 3437 881 3506 gratiam
905 3435 982 3491 velle
1000 3440 1119 3491 mereri.

109 3658 130 3705 t)
149 3653 245 3698 Auris.
260 3653 300 3698 [rut
314 3655 355 3698 utu
369 3654 459 3710 autes:
486 3688 492 3698 .
507 3687 513 3698 .
529 3689 533 3697 .
549 3689 554 3699 .
577 3652 631 3699 fieri
645 3666 694 3699 non
708 3665 794 3709 posse,
813 3652 869 3712 quin
884 3651 992 3699 christus
1006 3665 1053 3698 une
1065 3665 1119 3697 eura

59 3728 174 3773 membris
188 3727 237 3772 tuis
252 3727 308 3772 odio
322 3727 355 3772 sit
367 3728 448 3780 carni,
463 3739 521 3778 ergo
537 3727 815 3774 caesareumrhemis
830 3727 999 3773 inclementem
1014 3729 1120 3773 futurum

59 3802 152 3859 atinqut
171 3802 397 3848 clementissimum:
419 3803 512 3852 tartarea
532 3804 653 3856 uuttutttu
672 3803 721 3848 tine
740 3804 957 3855 {initiatarum
971 3804 1011 3854 itti
1032 3803 1077 3848 trit
1090 3800 1119 3852 tte

58 3878 114 3925 cuth
127 3877 280 3927 Budalia&
316 3876 551 3930 truantur-atis.
588 3875 1117 3931 3)tintinnumsotumessedannatos.

55 3952 80 4003 t)
101 3951 171 3995 M.
191 3961 269 4006 quam.
318 3952 342 4001 5)
362 3949 492 3996 e.-51c.
507 3954 554 4003 etc.
604 3952 626 4000 6)
646 3949 860 4009 c.a.-·inqutt.
909 3948 1117 4005 muniremur.

54 4027 77 4083 ί)
98 4025 122 4071 C.
137 4027 169 4074 Λ.
184 4022 304 4073 volumus.
