2586 4696
183 297 248 377 ⁶⁵⁴
666 304 759 375 ssss,
823 296 839 303 ·

217 461 261 519 sl.
278 459 478 524 mttattr.
528 507 530 511 .
882 459 942 519 Nl.
960 457 1220 520 MDchle.

451 558 539 688 ‘llo
570 617 654 693 llic.
686 615 936 690 &tritulus

187 782 212 834 ε.
225 780 479 838 &recorrectionis
492 783 539 836 stln
552 782 702 838 assiduam
715 784 864 837 balmeto,
882 784 919 832 lle
931 783 1064 838 elstram
1083 751 1216 840 omicida
1232 777 1254 837 ti

542 855 621 910 lebret
641 862 688 904 tra
701 857 775 908 talnrr
787 857 890 911 bonius.

649 1006 790 1024 ἰη-ι*

237 1121 290 1175 Μ
305 1120 443 1170 buddeud
460 1135 484 1180 p.
499 1123 545 1172 2⁴⁹.
571 1120 748 1180 norplultn.
767 1123 796 1171 ll.
814 1124 878 1170 Sscr.
896 1123 926 1170 ll.
945 1125 991 1174 m
1011 1124 1034 1171 b.
1062 1125 1170 1174 malo
1189 1125 1260 1171 lel.

187 1195 329 1323 aa&
347 1195 420 1250 babes
438 1193 487 1244 tlttt
505 1194 606 1250 &usil-
624 1195 738 1248 straus
757 1198 803 1243 ttttl
820 1195 1143 1246 cod.llslmsl‚1⁰i.3ibl.
1158 1198 1263 1257 (incipi.

191 1418 336 1520 Gratiam
359 1472 389 1520 st
410 1481 515 1535 pacem
541 1465 569 1520 in
587 1463 720 1522 Christo.
737 1466 762 1531 ¹)
795 1463 915 1522 Gratias
940 1479 1013 1535 ego,
1037 1467 1083 1520 mi
1102 1466 1263 1536 Gerbelli,

190 1570 247 1627 pro
259 1554 317 1609 tuis
334 1564 365 1609 et
374 1555 561 1611 suavissimis
579 1567 609 1609 et
620 1553 795 1624 gratissimis
806 1553 910 1610 literis.
942 1554 985 1610 Et
996 1556 1071 1612 volo
1091 1575 1109 1612 s
1122 1568 1153 1614 te
1167 1558 1263 1626 credi,

191 1645 273 1717 quod
289 1660 397 1717 magno
415 1644 521 1714 gaudio
534 1661 583 1699 me
600 1644 733 1700 effeceris
750 1643 807 1703 isto
824 1653 877 1699 tuo
894 1644 1104 1701 sincerissimo
1120 1649 1191 1703 zelo
1209 1664 1265 1720 pro

192 1735 355 1805 concordia
366 1747 488 1803 nostra,
506 1750 597 1806 quam
612 1744 643 1789 et
659 1747 715 1802 ego
732 1733 792 1790 nisi
807 1749 921 1791 summa
932 1735 1087 1791 voluntate
1102 1752 1263 1809 cuperent,

191 1841 254 1881 nou
277 1827 315 1880 its
332 1841 381 1880 me
398 1825 579 1881 effudissem.
614 1823 695 1898 Quid
712 1825 791 1878 enirn
807 1823 974 1895 mibi,jam
998 1826 1147 1882 omnibus
1172 1827 1264 1899 hujus

192 1920 270 1974 vitoe
288 1915 391 1972 officiis
408 1915 582 1988 perfuncto,
598 1922 644 1969 tot
654 1913 807 1969 laboribus
824 1924 852 1969 et
867 1915 1080 1971 tentationibus
1099 1919 1264 1985 exhausto,

191 2022 231 2065 nc
242 2006 339 2060 dicam
356 2006 443 2060 etiam
455 2016 547 2060 estete
559 2005 620 2076 ipse
628 2005 692 2076 jsm
703 2006 860 2073 coniecto,
877 2005 982 2060 laetius
992 2006 1094 2077 possit
1107 2010 1263 2077 accidere,

192 2112 282 2175 quant
294 2095 351 2151 sub
365 2107 484 2165 tempus
497 2110 579 2149 meae
592 2093 797 2163 resolutionis,
818 2112 908 2166 quum
924 2106 955 2151 et
970 2108 1045 2168 opto
1061 2100 1096 2153 e't
1113 2109 1263 2172 expecto,

192 2186 295 2241 ridere
318 2195 349 2240 et
366 2185 619 2255 relinquere'post
635 2199 684 2238 ms
707 2183 922 2241 concordiam?
955 2183 1058 2260 Quare
1080 2186 1158 2244 nibil
1185 2205 1263 2262 opus

193 2286 256 2343 est,
272 2285 306 2330 ut
322 2283 403 2328 tanto
420 2274 525 2328 ardore
543 2289 649 2341 roges:
675 2273 747 2345 quin
766 2272 817 2329 tibi
834 2275 959 2342 mando,
985 2286 1019 2331 ut
1035 2279 1150 2335 vestris
1171 2281 1264 2337 isthic

193 2364 290 2420 deme
307 2363 486 2437 polliceare,
503 2362 644 2434 quicquid
662 2372 694 2417 tu
710 2363 774 2434 ipse
786 2363 878 2417 velles
893 2363 1028 2434 polliceri
1041 2382 1098 2437 pro
1117 2378 1160 2425 te.
1194 2369 1264 2442 Ego

150 2474 155 2484 ¹
193 2453 284 2511 fidem
300 2465 378 2510 tuam
396 2463 426 2508 et
441 2468 537 2506 meatu
549 2451 636 2527 (Deo
653 2453 772 2508 favente
783 2452 890 2521 vitam)
906 2453 1040 2511 liberabo
1058 2471 1155 2530 supra
1172 2476 1265 2533 qum

195 2547 288 2603 vestri
305 2546 380 2602 forte
399 2545 536 2598 crodunt.

260 2662 311 2716 De
327 2659 453 2716 Postilla
477 2666 509 2713 tu
525 2655 773 2713 honorificentius
797 2656 907 2726 sentis,
934 2675 1024 2730 quam
1049 2677 1119 2729 ego.
1155 2660 1262 2719 Extin.

195 2758 279 2807 dtunt
304 2751 383 2806 enim
408 2749 517 2803 vellem
541 2758 638 2802 totum
664 2763 732 2801 eum
758 2747 876 2802 librum.
917 2747 958 2803 Et
984 2749 1046 2804 hoc
1072 2766 1150 2821 ago,
1178 2763 1212 2808 ut
1237 2761 1265 2807 et

198 2842 330 2913 Gesparo
342 2838 505 2907 Crucigero
517 2852 594 2890 onus
614 2837 763 2905 imponam
775 2835 808 2901 2)
826 2837 917 2892 totius
930 2836 1090 2893 recudendi
1105 2840 1137 2896 in
1153 2856 1264 2897 novam

197 2942 228 2988 et
243 2931 398 2986 meliorem
417 2930 560 2993 formam,
586 2942 661 2997 quse
679 2926 734 2980 toti
752 2924 909 2981 Ecclesiae
932 2927 1044 3000 ultique
1061 2932 1173 3001 prosit.
1206 2925 1264 2989 Est

198 3023 223 3078 is
240 3023 303 3089 vir,
322 3019 437 3074 nisime
455 3016 526 3071 fallit
542 3032 641 3082 amor,
660 3017 723 3070 tatis
733 3056 742 3083 ,
761 3018 810 3087 qui
826 3013 980 3072 Elisseum
997 3020 1143 3088 referret,
1163 3023 1188 3078 si
1206 3038 1265 3092 ego

196 3112 279 3180 Elias
295 3111 401 3165 luerim
418 3108 519 3173 (liceat
535 3106 572 3158 ita
590 3105 703 3173 magnis
721 3122 906 3174 componere
923 3105 1028 3178 parva)
1038 3147 1047 3176 ‚
1065 3107 1166 3165 homo
1184 3116 1263 3182 pscis

199 3190 299 3255 amans
326 3209 355 3252 et
377 3197 514 3268 quietus,
543 3194 589 3246 cui
608 3210 663 3260 ego
682 3203 753 3264 post
769 3210 816 3246 me
834 3193 1004 3250 Ecclesium
1024 3201 1262 3257 commendabo:

198 3271 410 3357 ita'Phitippus
429 3300 549 3355 quoque
575 3284 650 3335 facit.
686 3282 753 3336 lloc
777 3282 865 3348 dico,
888 3300 927 3337 ne
947 3285 1084 3354 dubites,
1111 3290 1191 3358 apud
1208 3309 1263 3344 nos

199 3394 268 3433 esse
285 3378 422 3430 volentes
447 3375 562 3428 enimos
588 3370 780 3425 concordiae:
806 3381 834 3424 et
858 3372 998 3444 quicquid
1023 3391 1090 3427 etrus
1116 3377 1261 3449 impedire

200 3470 301 3524 visum
318 3465 425 3530 fuerit,
444 3464 531 3516 etiarn
549 3471 576 3514 te
594 3460 704 3514 arbitro
722 3459 906 3529 etjubente,
923 3477 1039 3533 paratus
1056 3480 1125 3520 sum
1144 3469 1261 3537 tollere,

201 3568 333 3622 mutare,
350 3555 448 3607 iacere
457 3592 466 3619 ‚
485 3550 543 3621 pati
556 3549 666 3603 omnia.
701 3548 796 3618 Cupio
810 3549 890 3604 enim
904 3563 933 3605 ct
944 3569 999 3621 ego
1012 3552 1139 3610 inveniri
1154 3556 1263 3613 Christi

201 3661 233 3706 ct
248 3646 403 3704 Ecclesiae
421 3657 489 3697 susc
507 3638 601 3695 fidelis
620 3639 660 3705 (si
678 3638 809 3709 prudens
830 3656 898 3695 esse
916 3657 975 3696 nou
994 3645 1161 3715 potuerim)
1180 3650 1264 3703 mini.

203 3753 275 3796 ster.
308 3736 378 3791 Vale
402 3735 430 3788 in
447 3731 600 3798 Domino,
626 3729 666 3783 mi
684 3728 858 3786 charissime
877 3719 1028 3803 Gerdelli,
1054 3745 1085 3792 et
1106 3752 1161 3807 nge
1182 3741 1261 3812 quod

204 3880 732 3909 Μ

254 3990 273 4042 t)
287 3986 348 4038 iisd
361 3984 406 4031 bls.
420 3986 477 4040 Arg.
531 3981 554 4035 2)
569 3981 615 4028 Me.
629 3982 686 4037 Arg.
701 3961 836 4030 mandens,
