<?xml version="1.0" encoding="UTF-8"?>
<!DOCTYPE html PUBLIC "-//W3C//DTD XHTML 1.0 Transitional//EN"
    "http://www.w3.org/TR/xhtml1/DTD/xhtml1-transitional.dtd">
<html xmlns="http://www.w3.org/1999/xhtml" xml:lang="en" lang="en">
 <head>
  <title>
</title>
<meta http-equiv="Content-Type" content="text/html;charset=utf-8" />
  <meta name='ocr-system' content='tesseract 3.04.00' />
  <meta name='ocr-capabilities' content='ocr_page ocr_carea ocr_par ocr_line ocrx_word'/>
</head>
<body>
  <div class='ocr_page' id='page_1' title='image "./briefesendschre00luthgoog/briefesendschre00luthgoog_0067.png"; bbox 0 0 2586 4696; ppageno 0'>
   <div class='ocr_carea' id='block_1_1' title="bbox 110 254 682 379">
    <p class='ocr_par' dir='ltr' id='par_1_1' title="bbox 110 254 682 379">
     <span class='ocr_line' id='line_1_1' title="bbox 110 254 682 379; baseline -0.003 -9"><span class='ocrx_word' id='word_1_1' title='bbox 110 254 170 372; x_wconf 74' lang='lat' dir='ltr'><em>iii</em></span> <span class='ocrx_word' id='word_1_2' title='bbox 590 300 682 379; x_wconf 71' lang='lat'><strong>15³0.</strong></span> 
     </span>
    </p>
   </div>
   <div class='ocr_carea' id='block_1_2' title="bbox 33 442 1184 3579">
    <p class='ocr_par' dir='ltr' id='par_1_2' title="bbox 33 442 1184 3579">
     <span class='ocr_line' id='line_1_2' title="bbox 109 442 1162 531; baseline -0.002 -18"><span class='ocrx_word' id='word_1_3' title='bbox 109 459 205 514; x_wconf 84' lang='lat' dir='ltr'><em>corde</em></span> <span class='ocrx_word' id='word_1_4' title='bbox 228 442 286 514; x_wconf 35' lang='lat' dir='ltr'><em>tuo*</em></span> <span class='ocrx_word' id='word_1_5' title='bbox 304 465 334 514; x_wconf 88' lang='lat' dir='ltr'><em>et</em></span> <span class='ocrx_word' id='word_1_6' title='bbox 357 443 566 531; x_wconf 76' lang='lat' dir='ltr'><em>afflictionem</em></span> <span class='ocrx_word' id='word_1_7' title='bbox 584 478 601 514; x_wconf 91' lang='lat' dir='ltr'><em>e</em></span> <span class='ocrx_word' id='word_1_8' title='bbox 617 477 715 514; x_wconf 85' lang='lat' dir='ltr'><em>carne</em></span> <span class='ocrx_word' id='word_1_9' title='bbox 733 465 799 514; x_wconf 86' lang='lat' dir='ltr'><em>tua.</em></span> <span class='ocrx_word' id='word_1_10' title='bbox 832 455 881 513; x_wconf 84' lang='lat' dir='ltr'><em>stc</em></span> <span class='ocrx_word' id='word_1_11' title='bbox 897 464 926 514; x_wconf 89' lang='lat' dir='ltr'><em>et</em></span> <span class='ocrx_word' id='word_1_12' title='bbox 941 455 1121 512; x_wconf 82' lang='lat' dir='ltr'><em>Ecclesiast.</em></span> <span class='ocrx_word' id='word_1_13' title='bbox 1138 455 1162 521; x_wconf 84' lang='lat'><em>¹)</em></span> 
     </span>
     <span class='ocr_line' id='line_1_3' title="bbox 104 547 1182 620; baseline -0.005 -15"><span class='ocrx_word' id='word_1_14' title='bbox 104 549 217 606; x_wconf 80' lang='lat' dir='ltr'><strong>XXX.:</strong></span> <span class='ocrx_word' id='word_1_15' title='bbox 245 551 429 606; x_wconf 85' lang='lat' dir='ltr'><em>Tristitiam</em></span> <span class='ocrx_word' id='word_1_16' title='bbox 452 568 518 605; x_wconf 86' lang='lat' dir='ltr'><em>non</em></span> <span class='ocrx_word' id='word_1_17' title='bbox 542 551 597 606; x_wconf 82' lang='lat' dir='ltr'><em>des</em></span> <span class='ocrx_word' id='word_1_18' title='bbox 621 551 749 606; x_wconf 82' lang='lat' dir='ltr'><em>animae</em></span> <span class='ocrx_word' id='word_1_19' title='bbox 774 557 865 614; x_wconf 88' lang='lat' dir='ltr'><em>tuae,</em></span> <span class='ocrx_word' id='word_1_20' title='bbox 890 555 921 603; x_wconf 88' lang='lat' dir='ltr'><em>et</em></span> <span class='ocrx_word' id='word_1_21' title='bbox 941 563 1007 602; x_wconf 83' lang='lat' dir='ltr'><em>nan</em></span> <span class='ocrx_word' id='word_1_22' title='bbox 1032 547 1182 620; x_wconf 67' lang='lat' dir='ltr'><em>affliget¹</em></span> 
     </span>
     <span class='ocr_line' id='line_1_4' title="bbox 106 637 1160 715; baseline -0.006 -20"><span class='ocrx_word' id='word_1_23' title='bbox 106 647 199 695; x_wconf 85' lang='lat' dir='ltr'><em>temet</em></span> <span class='ocrx_word' id='word_1_24' title='bbox 215 641 320 713; x_wconf 84' lang='lat' dir='ltr'><em>ipsum</em></span> <span class='ocrx_word' id='word_1_25' title='bbox 337 638 582 715; x_wconf 69' lang='lat' dir='ltr'><em>capitationibus</em></span> <span class='ocrx_word' id='word_1_26' title='bbox 599 641 672 696; x_wconf 89' lang='lat' dir='ltr'><em>tuis.</em></span> <span class='ocrx_word' id='word_1_27' title='bbox 706 640 901 695; x_wconf 82' lang='lat' dir='ltr'><em>Jucuuditas</em></span> <span class='ocrx_word' id='word_1_28' title='bbox 912 639 1020 692; x_wconf 84' lang='lat' dir='ltr'><em>cardis</em></span> <span class='ocrx_word' id='word_1_29' title='bbox 1036 645 1085 691; x_wconf 88' lang='lat' dir='ltr'><em>est</em></span> <span class='ocrx_word' id='word_1_30' title='bbox 1096 637 1160 691; x_wconf 86' lang='lat' dir='ltr'><em>vita</em></span> 
     </span>
     <span class='ocr_line' id='line_1_5' title="bbox 104 726 1161 800; baseline -0.004 -16"><span class='ocrx_word' id='word_1_31' title='bbox 104 729 259 800; x_wconf 79' lang='lat' dir='ltr'><em>hominis,</em></span> <span class='ocrx_word' id='word_1_32' title='bbox 283 737 314 786; x_wconf 90' lang='lat' dir='ltr'><em>et</em></span> <span class='ocrx_word' id='word_1_33' title='bbox 330 731 501 787; x_wconf 80' lang='lat' dir='ltr'><em>thesaurus</em></span> <span class='ocrx_word' id='word_1_34' title='bbox 517 731 672 786; x_wconf 88' lang='lat' dir='ltr'><em>sanitatis</em></span> <span class='ocrx_word' id='word_1_35' title='bbox 688 747 753 785; x_wconf 84' lang='lat' dir='ltr'><em>non</em></span> <span class='ocrx_word' id='word_1_36' title='bbox 771 729 935 797; x_wconf 84' lang='lat' dir='ltr'><em>deficiens,</em></span> <span class='ocrx_word' id='word_1_37' title='bbox 957 735 988 782; x_wconf 86' lang='lat' dir='ltr'><em>et</em></span> <span class='ocrx_word' id='word_1_38' title='bbox 1003 726 1161 782; x_wconf 64' lang='lat' dir='ltr'><em>exaltmia</em></span> 
     </span>
     <span class='ocr_line' id='line_1_6' title="bbox 80 817 1161 899; baseline -0.006 -23"><span class='ocrx_word' id='word_1_39' title='bbox 80 892 85 899; x_wconf 27' lang='grc' dir='ltr'>Ι</span> <span class='ocrx_word' id='word_1_40' title='bbox 104 819 170 876; x_wconf 80' lang='lat' dir='ltr'><em>oiri</em></span> <span class='ocrx_word' id='word_1_41' title='bbox 185 829 231 877; x_wconf 87' lang='lat' dir='ltr'><em>est</em></span> <span class='ocrx_word' id='word_1_42' title='bbox 248 823 315 891; x_wconf 76' lang='lat' dir='ltr'><em>ejus</em></span> <span class='ocrx_word' id='word_1_43' title='bbox 332 821 540 895; x_wconf 66' lang='lat' dir='ltr'><em>longaevitas.</em></span> <span class='ocrx_word' id='word_1_44' title='bbox 574 820 738 877; x_wconf 80' lang='lat' dir='ltr'><em>Miserere</em></span> <span class='ocrx_word' id='word_1_45' title='bbox 754 837 832 893; x_wconf 77' lang='lat' dir='ltr'><em>erqo</em></span> <span class='ocrx_word' id='word_1_46' title='bbox 852 819 980 874; x_wconf 80' lang='lat' dir='ltr'><em>animae</em></span> <span class='ocrx_word' id='word_1_47' title='bbox 996 825 1072 872; x_wconf 89' lang='lat' dir='ltr'><em>tuae</em></span> <span class='ocrx_word' id='word_1_48' title='bbox 1085 817 1161 888; x_wconf 62' lang='lat' dir='ltr'><em>plaae‘</em></span> 
     </span>
     <span class='ocr_line' id='line_1_7' title="bbox 106 905 1160 984; baseline -0.003 -21"><span class='ocrx_word' id='word_1_49' title='bbox 106 926 180 976; x_wconf 84' lang='lat' dir='ltr'><em>cens</em></span> <span class='ocrx_word' id='word_1_50' title='bbox 198 911 283 980; x_wconf 89' lang='lat' dir='ltr'><em>Deo,</em></span> <span class='ocrx_word' id='word_1_51' title='bbox 305 918 335 965; x_wconf 87' lang='lat' dir='ltr'><em>et</em></span> <span class='ocrx_word' id='word_1_52' title='bbox 350 911 520 965; x_wconf 86' lang='lat' dir='ltr'><em>tristitiam</em></span> <span class='ocrx_word' id='word_1_53' title='bbox 536 910 630 984; x_wconf 74' lang='lat' dir='ltr'><em>lonqe</em></span> <span class='ocrx_word' id='word_1_54' title='bbox 647 909 767 979; x_wconf 79' lang='lat' dir='ltr'><em>expelle</em></span> <span class='ocrx_word' id='word_1_55' title='bbox 784 925 805 962; x_wconf 93' lang='lat' dir='ltr'><em>a</em></span> <span class='ocrx_word' id='word_1_56' title='bbox 823 915 862 965; x_wconf 85' lang='lat' dir='ltr'><em>te.</em></span> <span class='ocrx_word' id='word_1_57' title='bbox 896 907 1027 962; x_wconf 84' lang='lat' dir='ltr'><em>Multos</em></span> <span class='ocrx_word' id='word_1_58' title='bbox 1044 905 1160 961; x_wconf 85' lang='lat' dir='ltr'><em>occidit</em></span> 
     </span>
     <span class='ocr_line' id='line_1_8' title="bbox 105 996 1162 1070; baseline -0.005 -15"><span class='ocrx_word' id='word_1_59' title='bbox 105 1000 262 1070; x_wconf 78' lang='lat' dir='ltr'><em>tristitia,</em></span> <span class='ocrx_word' id='word_1_60' title='bbox 275 1008 305 1055; x_wconf 91' lang='lat' dir='ltr'><em>et</em></span> <span class='ocrx_word' id='word_1_61' title='bbox 320 1018 385 1055; x_wconf 82' lang='lat' dir='ltr'><em>non</em></span> <span class='ocrx_word' id='word_1_62' title='bbox 403 1008 449 1054; x_wconf 86' lang='lat' dir='ltr'><em>est</em></span> <span class='ocrx_word' id='word_1_63' title='bbox 466 1001 590 1055; x_wconf 84' lang='lat' dir='ltr'><em>utilitas</em></span> <span class='ocrx_word' id='word_1_64' title='bbox 607 1001 641 1054; x_wconf 87' lang='lat' dir='ltr'><em>in</em></span> <span class='ocrx_word' id='word_1_65' title='bbox 658 1001 726 1054; x_wconf 88' lang='lat' dir='ltr'><em>illa.</em></span> <span class='ocrx_word' id='word_1_66' title='bbox 760 999 807 1053; x_wconf 90' lang='lat' dir='ltr'><em>Sic</em></span> <span class='ocrx_word' id='word_1_67' title='bbox 825 1010 855 1053; x_wconf 86' lang='lat' dir='ltr'><em>et</em></span> <span class='ocrx_word' id='word_1_68' title='bbox 871 998 983 1054; x_wconf 82' lang='lat' dir='ltr'><em>Pettius</em></span> <span class='ocrx_word' id='word_1_69' title='bbox 1001 998 1036 1052; x_wconf 83' lang='lat' dir='ltr'><em>ed</em></span> <span class='ocrx_word' id='word_1_70' title='bbox 1054 996 1162 1051; x_wconf 79' lang='lat' dir='ltr'><em>Corin.</em></span> 
     </span>
     <span class='ocr_line' id='line_1_9' title="bbox 104 1085 1165 1158; baseline -0.003 -14"><span class='ocrx_word' id='word_1_71' title='bbox 104 1088 187 1145; x_wconf 86' lang='lat' dir='ltr'><em>thios</em></span> <span class='ocrx_word' id='word_1_72' title='bbox 206 1091 291 1145; x_wconf 85' lang='lat' dir='ltr'><em>dicit:</em></span> <span class='ocrx_word' id='word_1_73' title='bbox 309 1091 339 1155; x_wconf 71' lang='grc'><em>2)</em></span> <span class='ocrx_word' id='word_1_74' title='bbox 369 1090 519 1144; x_wconf 85' lang='lat' dir='ltr'><em>Tristitia</em></span> <span class='ocrx_word' id='word_1_75' title='bbox 535 1087 565 1157; x_wconf 86' lang='grc'><em>3)</em></span> <span class='ocrx_word' id='word_1_76' title='bbox 582 1088 702 1145; x_wconf 84' lang='lat' dir='ltr'><em>saeculi</em></span> <span class='ocrx_word' id='word_1_77' title='bbox 716 1094 850 1143; x_wconf 87' lang='lat' dir='ltr'><em>martem</em></span> <span class='ocrx_word' id='word_1_78' title='bbox 868 1094 1033 1158; x_wconf 81' lang='lat' dir='ltr'><em>operatur.</em></span> <span class='ocrx_word' id='word_1_79' title='bbox 1070 1085 1165 1155; x_wconf 85' lang='lat' dir='ltr'><em>igitur</em></span> 
     </span>
     <span class='ocr_line' id='line_1_10' title="bbox 105 1176 1167 1246; baseline -0.002 -13"><span class='ocrx_word' id='word_1_80' title='bbox 105 1190 171 1233; x_wconf 83' lang='lat' dir='ltr'><em>ente</em></span> <span class='ocrx_word' id='word_1_81' title='bbox 188 1180 287 1234; x_wconf 82' lang='lat' dir='ltr'>onmia</span> <span class='ocrx_word' id='word_1_82' title='bbox 304 1180 353 1234; x_wconf 86' lang='lat' dir='ltr'><em>tibi</em></span> <span class='ocrx_word' id='word_1_83' title='bbox 372 1179 558 1234; x_wconf 76' lang='lat' dir='ltr'><em>statuendum</em></span> <span class='ocrx_word' id='word_1_84' title='bbox 576 1188 621 1233; x_wconf 86' lang='lat' dir='ltr'><em>est</em></span> <span class='ocrx_word' id='word_1_85' title='bbox 637 1178 760 1234; x_wconf 86' lang='lat' dir='ltr'><em>firmiter</em></span> <span class='ocrx_word' id='word_1_86' title='bbox 778 1177 848 1232; x_wconf 82' lang='lat' dir='ltr'><em>istas</em></span> <span class='ocrx_word' id='word_1_87' title='bbox 860 1176 1055 1246; x_wconf 78' lang='lat' dir='ltr'><em>cogitationes</em></span> <span class='ocrx_word' id='word_1_88' title='bbox 1067 1176 1167 1231; x_wconf 82' lang='lat' dir='ltr'><em>mults·</em></span> 
     </span>
     <span class='ocr_line' id='line_1_11' title="bbox 105 1266 1162 1338; baseline -0.002 -16"><span class='ocrx_word' id='word_1_89' title='bbox 105 1278 136 1322; x_wconf 89' lang='lat' dir='ltr'><em>et</em></span> <span class='ocrx_word' id='word_1_90' title='bbox 152 1268 253 1323; x_wconf 84' lang='lat' dir='ltr'><em>tristes</em></span> <span class='ocrx_word' id='word_1_91' title='bbox 271 1285 287 1323; x_wconf 84' lang='lat' dir='ltr'><strong>a</strong></span> <span class='ocrx_word' id='word_1_92' title='bbox 303 1269 374 1324; x_wconf 89' lang='lat' dir='ltr'><em>Deo</em></span> <span class='ocrx_word' id='word_1_93' title='bbox 392 1286 451 1323; x_wconf 90' lang='lat' dir='ltr'><em>non</em></span> <span class='ocrx_word' id='word_1_94' title='bbox 469 1284 555 1336; x_wconf 85' lang='lat' dir='ltr'><em>esse,</em></span> <span class='ocrx_word' id='word_1_95' title='bbox 580 1269 633 1322; x_wconf 85' lang='lat' dir='ltr'><em>sed</em></span> <span class='ocrx_word' id='word_1_96' title='bbox 651 1286 666 1323; x_wconf 82' lang='lat' dir='ltr'><em>s</em></span> <span class='ocrx_word' id='word_1_97' title='bbox 684 1266 819 1335; x_wconf 80' lang='lat' dir='ltr'><em>diabolo,</em></span> <span class='ocrx_word' id='word_1_98' title='bbox 845 1266 913 1338; x_wconf 85' lang='lat' dir='ltr'><em>quia</em></span> <span class='ocrx_word' id='word_1_99' title='bbox 929 1266 1018 1321; x_wconf 89' lang='lat' dir='ltr'><em>Deus</em></span> <span class='ocrx_word' id='word_1_100' title='bbox 1036 1282 1097 1321; x_wconf 90' lang='lat' dir='ltr'><em>non</em></span> <span class='ocrx_word' id='word_1_101' title='bbox 1115 1277 1162 1321; x_wconf 86' lang='lat' dir='ltr'><em>est</em></span> 
     </span>
     <span class='ocr_line' id='line_1_12' title="bbox 33 1354 1162 1424; baseline -0.006 -10"><span class='ocrx_word' id='word_1_102' title='bbox 33 1392 38 1406; x_wconf 89' lang='lat'><strong>·</strong></span> <span class='ocrx_word' id='word_1_103' title='bbox 104 1358 371 1424; x_wconf 71' lang='lat' dir='ltr'><em>Deustristitiae,</em></span> <span class='ocrx_word' id='word_1_104' title='bbox 397 1359 449 1412; x_wconf 90' lang='lat' dir='ltr'><em>sed</em></span> <span class='ocrx_word' id='word_1_105' title='bbox 469 1359 555 1412; x_wconf 90' lang='lat' dir='ltr'><em>Deus</em></span> <span class='ocrx_word' id='word_1_106' title='bbox 578 1356 673 1412; x_wconf 85' lang='lat' dir='ltr'><em>solatii</em></span> <span class='ocrx_word' id='word_1_107' title='bbox 697 1367 727 1411; x_wconf 89' lang='lat' dir='ltr'><em>et</em></span> <span class='ocrx_word' id='word_1_108' title='bbox 751 1356 893 1424; x_wconf 76' lang='lat' dir='ltr'><em>iustitiae,</em></span> <span class='ocrx_word' id='word_1_109' title='bbox 917 1356 999 1410; x_wconf 91' lang='lat' dir='ltr'><em>velut</em></span> <span class='ocrx_word' id='word_1_110' title='bbox 1023 1354 1162 1411; x_wconf 81' lang='lat' dir='ltr'><em>Christus</em></span> 
     </span>
     <span class='ocr_line' id='line_1_13' title="bbox 105 1444 1163 1520; baseline -0.003 -17"><span class='ocrx_word' id='word_1_111' title='bbox 105 1447 172 1515; x_wconf 80' lang='lat' dir='ltr'><em>ipse</em></span> <span class='ocrx_word' id='word_1_112' title='bbox 190 1449 275 1502; x_wconf 88' lang='lat' dir='ltr'><em>dicit:</em></span> <span class='ocrx_word' id='word_1_113' title='bbox 310 1448 387 1502; x_wconf 86' lang='lat' dir='ltr'><em>Nan</em></span> <span class='ocrx_word' id='word_1_114' title='bbox 405 1455 453 1501; x_wconf 86' lang='lat' dir='ltr'><em>est</em></span> <span class='ocrx_word' id='word_1_115' title='bbox 469 1448 558 1503; x_wconf 89' lang='lat' dir='ltr'><em>Deus</em></span> <span class='ocrx_word' id='word_1_116' title='bbox 580 1453 798 1514; x_wconf 88' lang='lat' dir='ltr'><em>mortuarum,</em></span> <span class='ocrx_word' id='word_1_117' title='bbox 823 1446 879 1502; x_wconf 86' lang='lat' dir='ltr'><em>sed</em></span> <span class='ocrx_word' id='word_1_118' title='bbox 894 1444 1045 1502; x_wconf 80' lang='lat' dir='ltr'><em>vivorum.</em></span> <span class='ocrx_word' id='word_1_119' title='bbox 1079 1444 1163 1520; x_wconf 81' lang='lat' dir='ltr'><em>Quid</em></span> 
     </span>
     <span class='ocr_line' id='line_1_14' title="bbox 103 1533 1161 1609; baseline 0 -19"><span class='ocrx_word' id='word_1_120' title='bbox 103 1554 179 1591; x_wconf 88' lang='lat' dir='ltr'><em>vero</em></span> <span class='ocrx_word' id='word_1_121' title='bbox 197 1546 242 1592; x_wconf 83' lang='lat' dir='ltr'><em>est</em></span> <span class='ocrx_word' id='word_1_122' title='bbox 259 1537 380 1605; x_wconf 87' lang='lat' dir='ltr'><em>vivere,</em></span> <span class='ocrx_word' id='word_1_123' title='bbox 406 1540 459 1592; x_wconf 84' lang='lat' dir='ltr'><em>nisi</em></span> <span class='ocrx_word' id='word_1_124' title='bbox 478 1538 582 1590; x_wconf 79' lang='lat' dir='ltr'><em>iustum</em></span> <span class='ocrx_word' id='word_1_125' title='bbox 601 1552 668 1591; x_wconf 84' lang='lat' dir='ltr'><em>esse</em></span> <span class='ocrx_word' id='word_1_126' title='bbox 687 1537 715 1590; x_wconf 91' lang='lat' dir='ltr'><em>in</em></span> <span class='ocrx_word' id='word_1_127' title='bbox 732 1536 891 1591; x_wconf 84' lang='lat' dir='ltr'><em>Domino?</em></span> <span class='ocrx_word' id='word_1_128' title='bbox 926 1535 1027 1609; x_wconf 80' lang='lat' dir='ltr'><em>Qttare</em></span> <span class='ocrx_word' id='word_1_129' title='bbox 1045 1533 1096 1590; x_wconf 85' lang='lat' dir='ltr'><em>hic</em></span> <span class='ocrx_word' id='word_1_130' title='bbox 1114 1551 1161 1590; x_wconf 81' lang='lat' dir='ltr'><em>es.</em></span> 
     </span>
     <span class='ocr_line' id='line_1_15' title="bbox 106 1625 1184 1697; baseline -0.003 -14"><span class='ocrx_word' id='word_1_131' title='bbox 106 1642 213 1683; x_wconf 79' lang='lat' dir='ltr'><em>suesce</em></span> <span class='ocrx_word' id='word_1_132' title='bbox 231 1638 259 1681; x_wconf 90' lang='lat' dir='ltr'><em>te</em></span> <span class='ocrx_word' id='word_1_133' title='bbox 277 1627 373 1697; x_wconf 86' lang='lat' dir='ltr'><em>ipsum</em></span> <span class='ocrx_word' id='word_1_134' title='bbox 391 1628 427 1680; x_wconf 86' lang='lat' dir='ltr'><em>ud</em></span> <span class='ocrx_word' id='word_1_135' title='bbox 445 1627 615 1697; x_wconf 87' lang='lat' dir='ltr'><em>hujusmodi</em></span> <span class='ocrx_word' id='word_1_136' title='bbox 633 1625 843 1697; x_wconf 78' lang='lat' dir='ltr'><em>cogitationes,</em></span> <span class='ocrx_word' id='word_1_137' title='bbox 870 1635 902 1679; x_wconf 88' lang='lat' dir='ltr'><em>ut</em></span> <span class='ocrx_word' id='word_1_138' title='bbox 922 1641 995 1680; x_wconf 90' lang='lat' dir='ltr'><em>mox</em></span> <span class='ocrx_word' id='word_1_139' title='bbox 1012 1625 1184 1697; x_wconf 53' lang='lat' dir='ltr'><em>repelles„</em></span> 
     </span>
     <span class='ocr_line' id='line_1_16' title="bbox 105 1713 1161 1786; baseline -0.002 -16"><span class='ocrx_word' id='word_1_140' title='bbox 105 1716 222 1770; x_wconf 75' lang='lat' dir='ltr'><em>dicenst</em></span> <span class='ocrx_word' id='word_1_141' title='bbox 250 1715 323 1770; x_wconf 89' lang='lat' dir='ltr'><em>Non</em></span> <span class='ocrx_word' id='word_1_142' title='bbox 347 1728 376 1770; x_wconf 87' lang='lat' dir='ltr'><em>te</em></span> <span class='ocrx_word' id='word_1_143' title='bbox 402 1716 483 1773; x_wconf 86' lang='lat' dir='ltr'><em>misit</em></span> <span class='ocrx_word' id='word_1_144' title='bbox 504 1717 664 1770; x_wconf 81' lang='lat' dir='ltr'><em>Dominus.</em></span> <span class='ocrx_word' id='word_1_145' title='bbox 699 1714 770 1769; x_wconf 90' lang='lat' dir='ltr'><em>Non</em></span> <span class='ocrx_word' id='word_1_146' title='bbox 793 1725 838 1768; x_wconf 88' lang='lat' dir='ltr'><em>est</em></span> <span class='ocrx_word' id='word_1_147' title='bbox 857 1713 933 1768; x_wconf 83' lang='lat' dir='ltr'><em>haec</em></span> <span class='ocrx_word' id='word_1_148' title='bbox 950 1714 1106 1786; x_wconf 76' lang='lat' dir='ltr'><em>persuasio</em></span> <span class='ocrx_word' id='word_1_149' title='bbox 1124 1714 1161 1768; x_wconf 82' lang='lat' dir='ltr'><em>ab</em></span> 
     </span>
     <span class='ocr_line' id='line_1_17' title="bbox 106 1794 1161 1877; baseline -0.003 -15"><span class='ocrx_word' id='word_1_150' title='bbox 106 1823 160 1874; x_wconf 88' lang='lat' dir='ltr'><em>eo,</em></span> <span class='ocrx_word' id='word_1_151' title='bbox 173 1802 229 1877; x_wconf 57' lang='lat' dir='ltr'><em>&#39;qui</em></span> <span class='ocrx_word' id='word_1_152' title='bbox 240 1805 359 1860; x_wconf 78' lang='lat' dir='ltr'><em>vocavit</em></span> <span class='ocrx_word' id='word_1_153' title='bbox 372 1815 411 1860; x_wconf 86' lang='lat' dir='ltr'><em>te.</em></span> <span class='ocrx_word' id='word_1_154' title='bbox 445 1806 530 1860; x_wconf 81' lang='lat' dir='ltr'><em>Duru</em></span> <span class='ocrx_word' id='word_1_155' title='bbox 549 1817 593 1859; x_wconf 83' lang='lat' dir='ltr'><em>est</em></span> <span class='ocrx_word' id='word_1_156' title='bbox 610 1821 705 1875; x_wconf 78' lang='lat' dir='ltr'><em>pugna</em></span> <span class='ocrx_word' id='word_1_157' title='bbox 723 1805 752 1857; x_wconf 88' lang='lat' dir='ltr'><em>in</em></span> <span class='ocrx_word' id='word_1_158' title='bbox 771 1802 932 1874; x_wconf 84' lang='lat' dir='ltr'><em>principio,</em></span> <span class='ocrx_word' id='word_1_159' title='bbox 950 1804 1003 1859; x_wconf 86' lang='lat' dir='ltr'><em>sed</em></span> <span class='ocrx_word' id='word_1_160' title='bbox 1018 1820 1073 1858; x_wconf 88' lang='lat' dir='ltr'><em>osu</em></span> <span class='ocrx_word' id='word_1_161' title='bbox 1087 1794 1161 1869; x_wconf 61' lang='grc' dir='ltr'><em>ΕΗ)</em></span> 
     </span>
     <span class='ocr_line' id='line_1_18' title="bbox 104 1884 1164 1963; baseline -0.007 -12"><span class='ocrx_word' id='word_1_162' title='bbox 104 1884 221 1951; x_wconf 73' lang='lat' dir='ltr'><em>levior.v</em></span> <span class='ocrx_word' id='word_1_163' title='bbox 246 1895 318 1950; x_wconf 89' lang='lat' dir='ltr'><em>Non</em></span> <span class='ocrx_word' id='word_1_164' title='bbox 336 1895 414 1952; x_wconf 88' lang='lat' dir='ltr'><em>enim</em></span> <span class='ocrx_word' id='word_1_165' title='bbox 432 1904 462 1950; x_wconf 89' lang='lat' dir='ltr'><em>tu</em></span> <span class='ocrx_word' id='word_1_166' title='bbox 479 1896 562 1949; x_wconf 84' lang='lat' dir='ltr'><em>solus</em></span> <span class='ocrx_word' id='word_1_167' title='bbox 581 1910 630 1948; x_wconf 83' lang='lat' dir='ltr'><em>eas</em></span> <span class='ocrx_word' id='word_1_168' title='bbox 648 1893 845 1963; x_wconf 75' lang='lat' dir='ltr'><em>cogitationes¹</em></span> <span class='ocrx_word' id='word_1_169' title='bbox 859 1888 1006 1961; x_wconf 73' lang='lat' dir='ltr'><em>sustines,</em></span> <span class='ocrx_word' id='word_1_170' title='bbox 1026 1893 1079 1946; x_wconf 84' lang='lat' dir='ltr'><em>scd</em></span> <span class='ocrx_word' id='word_1_171' title='bbox 1097 1908 1164 1948; x_wconf 83' lang='lat' dir='ltr'><em>om.</em></span> 
     </span>
     <span class='ocr_line' id='line_1_19' title="bbox 105 1982 1163 2056; baseline -0.002 -17"><span class='ocrx_word' id='word_1_172' title='bbox 105 2002 160 2040; x_wconf 86' lang='lat' dir='ltr'><em>nes</em></span> <span class='ocrx_word' id='word_1_173' title='bbox 186 1986 297 2039; x_wconf 84' lang='lat' dir='ltr'><em>sancti:</em></span> <span class='ocrx_word' id='word_1_174' title='bbox 332 1994 536 2056; x_wconf 79' lang='lat' dir='ltr'><em>pugnaverunt</em></span> <span class='ocrx_word' id='word_1_175' title='bbox 560 1996 658 2037; x_wconf 82' lang='lat' dir='ltr'><em>eutem</em></span> <span class='ocrx_word' id='word_1_176' title='bbox 693 1994 722 2037; x_wconf 87' lang='lat' dir='ltr'><em>et</em></span> <span class='ocrx_word' id='word_1_177' title='bbox 750 1983 896 2038; x_wconf 81' lang='lat' dir='ltr'><em>vicerunt.</em></span> <span class='ocrx_word' id='word_1_178' title='bbox 940 1982 984 2038; x_wconf 81' lang='lat' dir='ltr'><em>Ite</em></span> <span class='ocrx_word' id='word_1_179' title='bbox 1009 1993 1037 2037; x_wconf 90' lang='lat' dir='ltr'><em>et</em></span> <span class='ocrx_word' id='word_1_180' title='bbox 1062 1991 1096 2037; x_wconf 86' lang='lat' dir='ltr'><em>tu</em></span> <span class='ocrx_word' id='word_1_181' title='bbox 1124 2000 1163 2040; x_wconf 86' lang='lat' dir='ltr'><em>ne</em></span> 
     </span>
     <span class='ocr_line' id='line_1_20' title="bbox 104 2072 1163 2143; baseline 0.001 -16"><span class='ocrx_word' id='word_1_182' title='bbox 104 2074 179 2129; x_wconf 89' lang='lat' dir='ltr'><em>cede</em></span> <span class='ocrx_word' id='word_1_183' title='bbox 196 2075 297 2141; x_wconf 80' lang='lat' dir='ltr'><em>malis,</em></span> <span class='ocrx_word' id='word_1_184' title='bbox 323 2075 376 2128; x_wconf 86' lang='lat' dir='ltr'><em>sed</em></span> <span class='ocrx_word' id='word_1_185' title='bbox 399 2082 505 2128; x_wconf 80' lang='lat' dir='ltr'><em>contre</em></span> <span class='ocrx_word' id='word_1_186' title='bbox 526 2073 683 2128; x_wconf 80' lang='lat' dir='ltr'><em>audentior</em></span> <span class='ocrx_word' id='word_1_187' title='bbox 703 2073 756 2129; x_wconf 82' lang='lat' dir='ltr'><em>ito.</em></span> <span class='ocrx_word' id='word_1_188' title='bbox 790 2072 944 2128; x_wconf 82' lang='lat' dir='ltr'><em>Sttmmum</em></span> <span class='ocrx_word' id='word_1_189' title='bbox 962 2074 1117 2143; x_wconf 83' lang='lat' dir='ltr'><em>specimen</em></span> <span class='ocrx_word' id='word_1_190' title='bbox 1134 2075 1163 2128; x_wconf 86' lang='lat' dir='ltr'><em>in</em></span> 
     </span>
     <span class='ocr_line' id='line_1_21' title="bbox 104 2162 1163 2235; baseline 0 -16"><span class='ocrx_word' id='word_1_191' title='bbox 104 2164 162 2219; x_wconf 81' lang='lat' dir='ltr'><em>hac</em></span> <span class='ocrx_word' id='word_1_192' title='bbox 180 2180 275 2235; x_wconf 78' lang='lat' dir='ltr'><em>pugne</em></span> <span class='ocrx_word' id='word_1_193' title='bbox 296 2174 359 2228; x_wconf 89' lang='lat' dir='ltr'><em>est,</em></span> <span class='ocrx_word' id='word_1_194' title='bbox 386 2163 579 2231; x_wconf 81' lang='lat' dir='ltr'><em>cogitationes</em></span> <span class='ocrx_word' id='word_1_195' title='bbox 604 2177 652 2216; x_wconf 84' lang='lat' dir='ltr'><em>ees</em></span> <span class='ocrx_word' id='word_1_196' title='bbox 674 2180 736 2217; x_wconf 90' lang='lat' dir='ltr'><em>non</em></span> <span class='ocrx_word' id='word_1_197' title='bbox 759 2173 913 2233; x_wconf 85' lang='lat' dir='ltr'><em>spectare,</em></span> <span class='ocrx_word' id='word_1_198' title='bbox 939 2162 1088 2230; x_wconf 75' lang='lat' dir='ltr'><em>scrutari,</em></span> <span class='ocrx_word' id='word_1_199' title='bbox 1113 2173 1163 2219; x_wconf 79' lang='lat' dir='ltr'><em>tut</em></span> 
     </span>
     <span class='ocr_line' id='line_1_22' title="bbox 106 2251 1161 2323; baseline -0.001 -14"><span class='ocrx_word' id='word_1_200' title='bbox 106 2253 191 2323; x_wconf 84' lang='lat' dir='ltr'><em>sequi</em></span> <span class='ocrx_word' id='word_1_201' title='bbox 210 2270 311 2306; x_wconf 82' lang='lat' dir='ltr'><em>eurum</em></span> <span class='ocrx_word' id='word_1_202' title='bbox 329 2252 465 2322; x_wconf 85' lang='lat' dir='ltr'><em>objecta,</em></span> <span class='ocrx_word' id='word_1_203' title='bbox 483 2253 536 2307; x_wconf 85' lang='lat' dir='ltr'><em>scd</em></span> <span class='ocrx_word' id='word_1_204' title='bbox 553 2252 630 2306; x_wconf 88' lang='lat' dir='ltr'><em>sicut</em></span> <span class='ocrx_word' id='word_1_205' title='bbox 647 2251 765 2307; x_wconf 84' lang='lat' dir='ltr'><em>sibilum</em></span> <span class='ocrx_word' id='word_1_206' title='bbox 784 2252 896 2307; x_wconf 77' lang='lat' dir='ltr'><em>anseris</em></span> <span class='ocrx_word' id='word_1_207' title='bbox 914 2263 1109 2308; x_wconf 80' lang='lat' dir='ltr'><em>contemnere</em></span> <span class='ocrx_word' id='word_1_208' title='bbox 1126 2269 1161 2308; x_wconf 75' lang='lat' dir='ltr'><em>tc</em></span> 
     </span>
     <span class='ocr_line' id='line_1_23' title="bbox 105 2333 1165 2422; baseline 0.001 -24"><span class='ocrx_word' id='word_1_209' title='bbox 105 2343 278 2420; x_wconf 78' lang='lat' dir='ltr'><em>praeterire.</em></span> <span class='ocrx_word' id='word_1_210' title='bbox 314 2341 375 2422; x_wconf 76' lang='lat' dir='ltr'><em>Qui</em></span> <span class='ocrx_word' id='word_1_211' title='bbox 392 2340 454 2395; x_wconf 92' lang='lat' dir='ltr'><em>hoc</em></span> <span class='ocrx_word' id='word_1_212' title='bbox 471 2341 622 2408; x_wconf 81' lang='lat' dir='ltr'><em>didicerit,</em></span> <span class='ocrx_word' id='word_1_213' title='bbox 650 2342 771 2397; x_wconf 83' lang='lat' dir='ltr'><em>vicerit:</em></span> <span class='ocrx_word' id='word_1_214' title='bbox 798 2333 926 2413; x_wconf 86' lang='lat' dir='ltr'><em>quinon</em></span> <span class='ocrx_word' id='word_1_215' title='bbox 944 2343 1096 2408; x_wconf 80' lang='lat' dir='ltr'><em>didicerit,</em></span> <span class='ocrx_word' id='word_1_216' title='bbox 1120 2343 1165 2399; x_wconf 83' lang='lat' dir='ltr'><em>vi.</em></span> 
     </span>
     <span class='ocr_line' id='line_1_24' title="bbox 106 2424 1165 2504; baseline -0.001 -15"><span class='ocrx_word' id='word_1_217' title='bbox 106 2433 257 2503; x_wconf 20' lang='lat' dir='ltr'><em>ctuslerit.</em></span> <span class='ocrx_word' id='word_1_218' title='bbox 275 2424 304 2499; x_wconf 84' lang='lat'><em>⁵)</em></span> <span class='ocrx_word' id='word_1_219' title='bbox 339 2432 419 2488; x_wconf 81' lang='lat' dir='ltr'><em>Num</em></span> <span class='ocrx_word' id='word_1_220' title='bbox 442 2448 492 2486; x_wconf 82' lang='lat' dir='ltr'><em>eus</em></span> <span class='ocrx_word' id='word_1_221' title='bbox 516 2441 705 2503; x_wconf 80' lang='lat' dir='ltr'><em>spectare-et</em></span> <span class='ocrx_word' id='word_1_222' title='bbox 727 2448 796 2488; x_wconf 92' lang='lat' dir='ltr'><em>cum</em></span> <span class='ocrx_word' id='word_1_223' title='bbox 821 2430 855 2486; x_wconf 84' lang='lat' dir='ltr'><em>iis</em></span> <span class='ocrx_word' id='word_1_224' title='bbox 873 2432 1038 2504; x_wconf 77' lang='lat' dir='ltr'><em>disputare,</em></span> <span class='ocrx_word' id='word_1_225' title='bbox 1064 2431 1165 2491; x_wconf 85' lang='lat' dir='ltr'><em>donec</em></span> 
     </span>
     <span class='ocr_line' id='line_1_25' title="bbox 105 2520 1162 2592; baseline 0.002 -14"><span class='ocrx_word' id='word_1_226' title='bbox 105 2522 255 2588; x_wconf 84' lang='lat' dir='ltr'><em>desinunt,</em></span> <span class='ocrx_word' id='word_1_227' title='bbox 283 2531 332 2576; x_wconf 83' lang='lat' dir='ltr'><em>eut</em></span> <span class='ocrx_word' id='word_1_228' title='bbox 352 2530 466 2592; x_wconf 79' lang='lat' dir='ltr'><em>‚sponte</em></span> <span class='ocrx_word' id='word_1_229' title='bbox 499 2521 622 2588; x_wconf 79' lang='lat' dir='ltr'><em>cedant,</em></span> <span class='ocrx_word' id='word_1_230' title='bbox 655 2531 702 2575; x_wconf 86' lang='lat' dir='ltr'><em>est</em></span> <span class='ocrx_word' id='word_1_231' title='bbox 728 2537 778 2576; x_wconf 85' lang='lat' dir='ltr'><em>eas</em></span> <span class='ocrx_word' id='word_1_232' title='bbox 807 2520 921 2576; x_wconf 83' lang='lat' dir='ltr'><em>irritare</em></span> <span class='ocrx_word' id='word_1_233' title='bbox 950 2531 979 2576; x_wconf 84' lang='lat' dir='ltr'><em>et</em></span> <span class='ocrx_word' id='word_1_234' title='bbox 1006 2520 1162 2580; x_wconf 84' lang='lat' dir='ltr'><em>roborare.</em></span> 
     </span>
     <span class='ocr_line' id='line_1_26' title="bbox 104 2611 1164 2691; baseline -0.005 -20"><span class='ocrx_word' id='word_1_235' title='bbox 104 2612 256 2685; x_wconf 85' lang='lat' dir='ltr'><em>Exemplo</em></span> <span class='ocrx_word' id='word_1_236' title='bbox 274 2611 326 2667; x_wconf 90' lang='lat' dir='ltr'><em>tibi</em></span> <span class='ocrx_word' id='word_1_237' title='bbox 344 2624 411 2666; x_wconf 88' lang='lat' dir='ltr'><em>esto</em></span> <span class='ocrx_word' id='word_1_238' title='bbox 429 2611 556 2682; x_wconf 80' lang='lat' dir='ltr'><em>poputus</em></span> <span class='ocrx_word' id='word_1_239' title='bbox 574 2611 680 2678; x_wconf 69' lang='lat' dir='ltr'><em>israel,</em></span> <span class='ocrx_word' id='word_1_240' title='bbox 700 2612 750 2682; x_wconf 88' lang='lat' dir='ltr'><em>qui</em></span> <span class='ocrx_word' id='word_1_241' title='bbox 768 2627 840 2665; x_wconf 87' lang='lat' dir='ltr'><em>suos</em></span> <span class='ocrx_word' id='word_1_242' title='bbox 856 2623 1009 2682; x_wconf 84' lang='lat' dir='ltr'><em>serpentes</em></span> <span class='ocrx_word' id='word_1_243' title='bbox 1021 2629 1083 2691; x_wconf 78' lang='lat' dir='ltr'><em>non</em></span> <span class='ocrx_word' id='word_1_244' title='bbox 1094 2629 1164 2685; x_wconf 77' lang='lat' dir='ltr'><em>cpe.</em></span> 
     </span>
     <span class='ocr_line' id='line_1_27' title="bbox 103 2694 1164 2770; baseline -0.002 -10"><span class='ocrx_word' id='word_1_245' title='bbox 103 2704 210 2760; x_wconf 80' lang='lat' dir='ltr'><em>cteudo</em></span> <span class='ocrx_word' id='word_1_246' title='bbox 235 2714 284 2757; x_wconf 85' lang='lat' dir='ltr'><em>eut</em></span> <span class='ocrx_word' id='word_1_247' title='bbox 308 2702 462 2769; x_wconf 80' lang='lat' dir='ltr'><em>luctando,</em></span> <span class='ocrx_word' id='word_1_248' title='bbox 487 2702 541 2757; x_wconf 85' lang='lat' dir='ltr'><em>sed</em></span> <span class='ocrx_word' id='word_1_249' title='bbox 564 2702 722 2757; x_wconf 80' lang='lat' dir='ltr'><em>evenendo</em></span> <span class='ocrx_word' id='word_1_250' title='bbox 741 2703 807 2755; x_wconf 87' lang='lat' dir='ltr'><em>visu</em></span> <span class='ocrx_word' id='word_1_251' title='bbox 823 2694 851 2767; x_wconf 90' lang='lat'><em>⁶)</em></span> <span class='ocrx_word' id='word_1_252' title='bbox 877 2703 952 2768; x_wconf 81' lang='lat' dir='ltr'><em>aiio,</em></span> <span class='ocrx_word' id='word_1_253' title='bbox 976 2702 1116 2759; x_wconf 82' lang='lat' dir='ltr'><em>videlicet</em></span> <span class='ocrx_word' id='word_1_254' title='bbox 1130 2695 1164 2770; x_wconf 77' lang='grc'><strong>7)</strong></span> 
     </span>
     <span class='ocr_line' id='line_1_28' title="bbox 104 2790 1165 2864; baseline 0.004 -19"><span class='ocrx_word' id='word_1_255' title='bbox 104 2793 140 2845; x_wconf 79' lang='lat' dir='ltr'><em>ud</em></span> <span class='ocrx_word' id='word_1_256' title='bbox 158 2808 284 2846; x_wconf 78' lang='lat' dir='ltr'><em>aeneum</em></span> <span class='ocrx_word' id='word_1_257' title='bbox 307 2802 494 2861; x_wconf 81' lang='lat' dir='ltr'><em>serpentem,</em></span> <span class='ocrx_word' id='word_1_258' title='bbox 518 2791 662 2847; x_wconf 87' lang='lat' dir='ltr'><em>vicerunt.</em></span> <span class='ocrx_word' id='word_1_259' title='bbox 696 2790 777 2845; x_wconf 80' lang='lat' dir='ltr'><em>Haec</em></span> <span class='ocrx_word' id='word_1_260' title='bbox 795 2798 926 2845; x_wconf 75' lang='lat' dir='ltr'><em>estsere</em></span> <span class='ocrx_word' id='word_1_261' title='bbox 945 2793 972 2848; x_wconf 86' lang='lat' dir='ltr'><em>in</em></span> <span class='ocrx_word' id='word_1_262' title='bbox 989 2791 1048 2847; x_wconf 72' lang='lat' dir='ltr'><em>hic</em></span> <span class='ocrx_word' id='word_1_263' title='bbox 1063 2809 1165 2864; x_wconf 71' lang='lat' dir='ltr'><em>pugne</em></span> 
     </span>
     <span class='ocr_line' id='line_1_29' title="bbox 104 2878 1163 2951; baseline 0.004 -18"><span class='ocrx_word' id='word_1_264' title='bbox 104 2891 233 2950; x_wconf 21' lang='lat' dir='ltr'><em>etlcertu</em></span> <span class='ocrx_word' id='word_1_265' title='bbox 250 2880 383 2935; x_wconf 80' lang='lat' dir='ltr'><em>victoris.</em></span> <span class='ocrx_word' id='word_1_266' title='bbox 419 2879 522 2951; x_wconf 84' lang='lat' dir='ltr'><em>itaque</em></span> <span class='ocrx_word' id='word_1_267' title='bbox 533 2919 543 2948; x_wconf 90' lang='lat'><em>,</em></span> <span class='ocrx_word' id='word_1_268' title='bbox 565 2878 651 2946; x_wconf 87' lang='lat' dir='ltr'><em>vide,</em></span> <span class='ocrx_word' id='word_1_269' title='bbox 678 2878 718 2933; x_wconf 88' lang='lat' dir='ltr'><em>mi</em></span> <span class='ocrx_word' id='word_1_270' title='bbox 736 2878 934 2951; x_wconf 86' lang='lat' dir='ltr'><em>Hieronyme,</em></span> <span class='ocrx_word' id='word_1_271' title='bbox 960 2898 997 2934; x_wconf 88' lang='lat' dir='ltr'><em>ne</em></span> <span class='ocrx_word' id='word_1_272' title='bbox 1020 2881 1049 2936; x_wconf 84' lang='lat' dir='ltr'><em>iu</em></span> <span class='ocrx_word' id='word_1_273' title='bbox 1067 2883 1163 2938; x_wconf 86' lang='lat' dir='ltr'><em>corde</em></span> 
     </span>
     <span class='ocr_line' id='line_1_30' title="bbox 103 2969 1163 3044; baseline 0.003 -16"><span class='ocrx_word' id='word_1_274' title='bbox 103 2982 158 3028; x_wconf 87' lang='lat' dir='ltr'><em>tuo</em></span> <span class='ocrx_word' id='word_1_275' title='bbox 176 2971 254 3025; x_wconf 82' lang='lat' dir='ltr'><em>sinus</em></span> <span class='ocrx_word' id='word_1_276' title='bbox 273 2988 322 3029; x_wconf 83' lang='lat' dir='ltr'><em>eus</em></span> <span class='ocrx_word' id='word_1_277' title='bbox 341 2970 501 3026; x_wconf 78' lang='lat' dir='ltr'><em>immorari.</em></span> <span class='ocrx_word' id='word_1_278' title='bbox 537 2969 585 3025; x_wconf 89' lang='lat' dir='ltr'><em>Sic</em></span> <span class='ocrx_word' id='word_1_279' title='bbox 606 2970 759 3042; x_wconf 87' lang='lat' dir='ltr'><em>respondit</em></span> <span class='ocrx_word' id='word_1_280' title='bbox 775 2970 894 3043; x_wconf 84' lang='lat' dir='ltr'><em>quidem</em></span> <span class='ocrx_word' id='word_1_281' title='bbox 911 2971 1029 3044; x_wconf 78' lang='lat' dir='ltr'><em>sapiens</em></span> <span class='ocrx_word' id='word_1_282' title='bbox 1047 2985 1163 3031; x_wconf 81' lang='lat' dir='ltr'><em>tentato</em></span> 
     </span>
     <span class='ocr_line' id='line_1_31' title="bbox 105 3050 1162 3135; baseline 0.002 -17"><span class='ocrx_word' id='word_1_283' title='bbox 105 3063 218 3135; x_wconf 78' lang='lat' dir='ltr'><em>eisdem</em></span> <span class='ocrx_word' id='word_1_284' title='bbox 235 3069 266 3117; x_wconf 86' lang='lat' dir='ltr'><em>et</em></span> <span class='ocrx_word' id='word_1_285' title='bbox 282 3061 406 3115; x_wconf 82' lang='lat' dir='ltr'><em>dicenti:</em></span> <span class='ocrx_word' id='word_1_286' title='bbox 425 3057 487 3117; x_wconf 59' lang='lat' dir='ltr'><em>ulit</em></span> <span class='ocrx_word' id='word_1_287' title='bbox 502 3052 534 3119; x_wconf 71' lang='grc'><em>8)</em></span> <span class='ocrx_word' id='word_1_288' title='bbox 551 3056 632 3122; x_wconf 73' lang='lat' dir='ltr'><em>ittiittt</em></span> <span class='ocrx_word' id='word_1_289' title='bbox 652 3058 732 3122; x_wconf 72' lang='lat' dir='ltr'><em>isidis</em></span> <span class='ocrx_word' id='word_1_290' title='bbox 749 3050 780 3123; x_wconf 81' lang='grc'><em>9)</em></span> <span class='ocrx_word' id='word_1_291' title='bbox 799 3058 941 3118; x_wconf 58' lang='lat' dir='ltr'><em>&amp;cicuitu</em></span> <span class='ocrx_word' id='word_1_292' title='bbox 959 3061 1019 3118; x_wconf 82' lang='lat' dir='ltr'><em>titt:</em></span> <span class='ocrx_word' id='word_1_293' title='bbox 1040 3060 1080 3117; x_wconf 82' lang='lat' dir='ltr'><em>eit</em></span> <span class='ocrx_word' id='word_1_294' title='bbox 1098 3061 1162 3120; x_wconf 82' lang='lat' dir='ltr'><em>itte:</em></span> 
     </span>
     <span class='ocr_line' id='line_1_32' title="bbox 104 3146 1162 3219; baseline 0.001 -12"><span class='ocrx_word' id='word_1_295' title='bbox 104 3149 154 3213; x_wconf 67' lang='grc'><em>63</em></span> <span class='ocrx_word' id='word_1_296' title='bbox 171 3149 215 3212; x_wconf 74' lang='lat' dir='ltr'><em>iti</em></span> <span class='ocrx_word' id='word_1_297' title='bbox 234 3146 265 3213; x_wconf 79' lang='lat' dir='ltr'><em>tit</em></span> <span class='ocrx_word' id='word_1_298' title='bbox 282 3147 539 3209; x_wconf 71' lang='lat' dir='ltr'><em>eistetensium.</em></span> <span class='ocrx_word' id='word_1_299' title='bbox 576 3148 698 3219; x_wconf 88' lang='lat' dir='ltr'><em>Optimo</em></span> <span class='ocrx_word' id='word_1_300' title='bbox 712 3149 834 3204; x_wconf 83' lang='lat' dir='ltr'><em>oraculo</em></span> <span class='ocrx_word' id='word_1_301' title='bbox 848 3149 946 3204; x_wconf 88' lang='lat' dir='ltr'><em>docuit</em></span> <span class='ocrx_word' id='word_1_302' title='bbox 958 3149 1028 3205; x_wconf 86' lang='lat' dir='ltr'><em>iste:</em></span> <span class='ocrx_word' id='word_1_303' title='bbox 1046 3161 1073 3206; x_wconf 92' lang='lat' dir='ltr'><em>et</em></span> <span class='ocrx_word' id='word_1_304' title='bbox 1087 3151 1162 3208; x_wconf 78' lang='lat' dir='ltr'><em>eiius</em></span> 
     </span>
     <span class='ocr_line' id='line_1_33' title="bbox 104 3221 1163 3311; baseline -0.004 -16"><span class='ocrx_word' id='word_1_305' title='bbox 104 3221 207 3296; x_wconf 53' lang='lat' dir='ltr'><em>‘eudem</em></span> <span class='ocrx_word' id='word_1_306' title='bbox 222 3240 357 3311; x_wconf 82' lang='lat' dir='ltr'><em>querenti</em></span> <span class='ocrx_word' id='word_1_307' title='bbox 369 3241 404 3304; x_wconf 84' lang='lat'><em>²⁰)</em></span> <span class='ocrx_word' id='word_1_308' title='bbox 417 3237 583 3310; x_wconf 82' lang='lat' dir='ltr'><em>respondit:</em></span> <span class='ocrx_word' id='word_1_309' title='bbox 602 3238 717 3292; x_wconf 79' lang='lat' dir='ltr'><em>Cavete</em></span> <span class='ocrx_word' id='word_1_310' title='bbox 730 3255 788 3292; x_wconf 89' lang='lat' dir='ltr'><em>non</em></span> <span class='ocrx_word' id='word_1_311' title='bbox 803 3250 901 3310; x_wconf 85' lang='lat' dir='ltr'><em>potes,</em></span> <span class='ocrx_word' id='word_1_312' title='bbox 915 3241 984 3310; x_wconf 86' lang='lat' dir='ltr'><em>quin</em></span> <span class='ocrx_word' id='word_1_313' title='bbox 999 3257 1071 3296; x_wconf 82' lang='lat' dir='ltr'><em>sves</em></span> <span class='ocrx_word' id='word_1_314' title='bbox 1087 3241 1163 3299; x_wconf 83' lang='lat' dir='ltr'><em>voli.</em></span> 
     </span>
     <span class='ocr_line' id='line_1_34' title="bbox 104 3316 1163 3403; baseline 0.004 -19"><span class='ocrx_word' id='word_1_315' title='bbox 104 3339 166 3386; x_wconf 83' lang='lat' dir='ltr'><em>tent</em></span> <span class='ocrx_word' id='word_1_316' title='bbox 184 3346 272 3403; x_wconf 79' lang='lat' dir='ltr'><em>supra</em></span> <span class='ocrx_word' id='word_1_317' title='bbox 290 3341 379 3400; x_wconf 72' lang='lat' dir='ltr'><em>ceput</em></span> <span class='ocrx_word' id='word_1_318' title='bbox 396 3340 497 3396; x_wconf 88' lang='lat' dir='ltr'><em>tuum,</em></span> <span class='ocrx_word' id='word_1_319' title='bbox 521 3327 573 3380; x_wconf 88' lang='lat' dir='ltr'><em>sed</em></span> <span class='ocrx_word' id='word_1_320' title='bbox 591 3343 698 3380; x_wconf 84' lang='lat' dir='ltr'><em>cavere</em></span> <span class='ocrx_word' id='word_1_321' title='bbox 716 3316 825 3398; x_wconf 81' lang='lat' dir='ltr'><em>potes,</em></span> <span class='ocrx_word' id='word_1_322' title='bbox 848 3346 886 3382; x_wconf 88' lang='lat' dir='ltr'><em>ne</em></span> <span class='ocrx_word' id='word_1_323' title='bbox 904 3328 1051 3385; x_wconf 82' lang='lat' dir='ltr'><em>nidificent</em></span> <span class='ocrx_word' id='word_1_324' title='bbox 1067 3329 1098 3385; x_wconf 81' lang='lat' dir='ltr'><em>in</em></span> <span class='ocrx_word' id='word_1_325' title='bbox 1115 3347 1163 3388; x_wconf 74' lang='lat' dir='ltr'><em>ct·</em></span> 
     </span>
     <span class='ocr_line' id='line_1_35' title="bbox 103 3415 1161 3493; baseline 0.002 -19"><span class='ocrx_word' id='word_1_326' title='bbox 103 3420 180 3493; x_wconf 80' lang='lat' dir='ltr'><em>pillis</em></span> <span class='ocrx_word' id='word_1_327' title='bbox 199 3421 267 3473; x_wconf 86' lang='lat' dir='ltr'><em>tuis.</em></span> <span class='ocrx_word' id='word_1_328' title='bbox 302 3419 404 3492; x_wconf 81' lang='lat' dir='ltr'><em>Quare</em></span> <span class='ocrx_word' id='word_1_329' title='bbox 423 3430 502 3473; x_wconf 88' lang='lat' dir='ltr'><em>recte</em></span> <span class='ocrx_word' id='word_1_330' title='bbox 521 3416 646 3483; x_wconf 77' lang='lat' dir='ltr'><em>seceris,</em></span> <span class='ocrx_word' id='word_1_331' title='bbox 672 3415 696 3467; x_wconf 85' lang='lat' dir='ltr'><em>si</em></span> <span class='ocrx_word' id='word_1_332' title='bbox 714 3416 812 3490; x_wconf 87' lang='lat' dir='ltr'><em>potius</em></span> <span class='ocrx_word' id='word_1_333' title='bbox 831 3417 937 3472; x_wconf 85' lang='lat' dir='ltr'><em>luseris</em></span> <span class='ocrx_word' id='word_1_334' title='bbox 955 3434 1024 3473; x_wconf 91' lang='lat' dir='ltr'><em>cum</em></span> <span class='ocrx_word' id='word_1_335' title='bbox 1042 3419 1108 3476; x_wconf 80' lang='lat' dir='ltr'><em>eliis</em></span> <span class='ocrx_word' id='word_1_336' title='bbox 1124 3423 1161 3488; x_wconf 84' lang='lat'><em>¹¹)</em></span> 
     </span>
     <span class='ocr_line' id='line_1_36' title="bbox 105 3500 1163 3579; baseline 0 -12"><span class='ocrx_word' id='word_1_337' title='bbox 105 3500 153 3567; x_wconf 75' lang='lat' dir='ltr'><em>sut</em></span> <span class='ocrx_word' id='word_1_338' title='bbox 172 3509 370 3579; x_wconf 82' lang='lat' dir='ltr'><em>eiiajucunda</em></span> <span class='ocrx_word' id='word_1_339' title='bbox 388 3517 512 3573; x_wconf 81' lang='lat' dir='ltr'><em>tractes,</em></span> <span class='ocrx_word' id='word_1_340' title='bbox 529 3506 612 3572; x_wconf 75' lang='lat' dir='ltr'><em>ec12)</em></span> <span class='ocrx_word' id='word_1_341' title='bbox 630 3504 735 3561; x_wconf 87' lang='lat' dir='ltr'><em>deinde</em></span> <span class='ocrx_word' id='word_1_342' title='bbox 751 3505 870 3563; x_wconf 85' lang='lat' dir='ltr'><em>deludo</em></span> <span class='ocrx_word' id='word_1_343' title='bbox 881 3507 992 3565; x_wconf 82' lang='lat' dir='ltr'><em>nullam</em></span> <span class='ocrx_word' id='word_1_344' title='bbox 1004 3509 1163 3567; x_wconf 83' lang='lat' dir='ltr'><em>couscien.</em></span> 
     </span>
    </p>
   </div>
   <div class='ocr_carea' id='block_1_3' title="bbox 102 3752 1162 4043">
    <p class='ocr_par' dir='ltr' id='par_1_3' title="bbox 102 3752 1162 4043">
     <span class='ocr_line' id='line_1_37' title="bbox 153 3752 1162 3815; baseline 0.003 -13"><span class='ocrx_word' id='word_1_345' title='bbox 153 3763 174 3809; x_wconf 81' lang='lat'><em>1)</em></span> <span class='ocrx_word' id='word_1_346' title='bbox 193 3758 252 3804; x_wconf 85' lang='lat' dir='ltr'><em>cod.</em></span> <span class='ocrx_word' id='word_1_347' title='bbox 271 3757 315 3806; x_wconf 67' lang='grc'><em>185.</em></span> <span class='ocrx_word' id='word_1_348' title='bbox 332 3756 382 3802; x_wconf 82' lang='lat' dir='ltr'><em>Jes.</em></span> <span class='ocrx_word' id='word_1_349' title='bbox 403 3753 492 3803; x_wconf 76' lang='lat' dir='ltr'><em>straet.</em></span> <span class='ocrx_word' id='word_1_350' title='bbox 559 3757 581 3803; x_wconf 85' lang='grc'><strong>2)</strong></span> <span class='ocrx_word' id='word_1_351' title='bbox 603 3752 664 3807; x_wconf 65' lang='grc' dir='ltr'><strong>Μ).</strong></span> <span class='ocrx_word' id='word_1_352' title='bbox 682 3754 698 3808; x_wconf 84' lang='lat'>†</span> <span class='ocrx_word' id='word_1_353' title='bbox 716 3755 787 3812; x_wconf 86' lang='lat' dir='ltr'><em>quod.</em></span> <span class='ocrx_word' id='word_1_354' title='bbox 856 3757 879 3808; x_wconf 76' lang='grc'><em>3)</em></span> <span class='ocrx_word' id='word_1_355' title='bbox 898 3756 957 3802; x_wconf 79' lang='lat' dir='ltr'><em>cod.</em></span> <span class='ocrx_word' id='word_1_356' title='bbox 977 3760 1021 3807; x_wconf 72' lang='lat' dir='ltr'><em>tas.</em></span> <span class='ocrx_word' id='word_1_357' title='bbox 1043 3759 1059 3815; x_wconf 70' lang='lat' dir='ltr'><em>i</em></span> <span class='ocrx_word' id='word_1_358' title='bbox 1079 3758 1162 3813; x_wconf 78' lang='lat' dir='ltr'><em>hujus.</em></span> 
     </span>
     <span class='ocr_line' id='line_1_38' title="bbox 102 3828 1161 3885; baseline -0.004 -6"><span class='ocrx_word' id='word_1_359' title='bbox 102 3830 126 3880; x_wconf 81' lang='lat' dir='ltr'><em>u</em></span> <span class='ocrx_word' id='word_1_360' title='bbox 145 3831 206 3881; x_wconf 60' lang='lat' dir='ltr'><em>&amp;dt</em></span> <span class='ocrx_word' id='word_1_361' title='bbox 225 3831 273 3876; x_wconf 71' lang='lat' dir='ltr'><em>det„</em></span> <span class='ocrx_word' id='word_1_362' title='bbox 335 3831 358 3878; x_wconf 82' lang='grc'><strong>5)</strong></span> <span class='ocrx_word' id='word_1_363' title='bbox 376 3829 463 3880; x_wconf 64' lang='lat' dir='ltr'><em>Qitsm</em></span> <span class='ocrx_word' id='word_1_364' title='bbox 478 3829 554 3884; x_wconf 69' lang='lat' dir='ltr'><em>{estut</em></span> <span class='ocrx_word' id='word_1_365' title='bbox 568 3829 622 3885; x_wconf 57' lang='lat' dir='ltr'><em>rste</em></span> <span class='ocrx_word' id='word_1_366' title='bbox 636 3829 677 3876; x_wconf 79' lang='lat' dir='ltr'><em>itt</em></span> <span class='ocrx_word' id='word_1_367' title='bbox 689 3830 750 3878; x_wconf 66' lang='lat' dir='ltr'><em>eat.</em></span> <span class='ocrx_word' id='word_1_368' title='bbox 765 3828 834 3877; x_wconf 76' lang='lat' dir='ltr'><em>nteit.</em></span> <span class='ocrx_word' id='word_1_369' title='bbox 895 3833 917 3879; x_wconf 77' lang='grc'><strong>6)</strong></span> <span class='ocrx_word' id='word_1_370' title='bbox 937 3831 996 3876; x_wconf 73' lang='lat' dir='ltr'><em>cod.</em></span> <span class='ocrx_word' id='word_1_371' title='bbox 1011 3834 1055 3879; x_wconf 77' lang='grc'>186.</span> <span class='ocrx_word' id='word_1_372' title='bbox 1072 3831 1161 3881; x_wconf 80' lang='lat' dir='ltr'><em>visum.</em></span> 
     </span>
     <span class='ocr_line' id='line_1_39' title="bbox 102 3902 1159 3961; baseline 0.001 -8"><span class='ocrx_word' id='word_1_373' title='bbox 102 3905 126 3955; x_wconf 84' lang='grc'><strong>7)</strong></span> <span class='ocrx_word' id='word_1_374' title='bbox 147 3904 263 3951; x_wconf 70' lang='lat' dir='ltr'><em>cottus.</em></span> <span class='ocrx_word' id='word_1_375' title='bbox 283 3914 376 3959; x_wconf 84' lang='lat' dir='ltr'><em>nempe.</em></span> <span class='ocrx_word' id='word_1_376' title='bbox 430 3904 452 3954; x_wconf 85' lang='grc'><strong>8)</strong></span> <span class='ocrx_word' id='word_1_377' title='bbox 471 3902 531 3951; x_wconf 68' lang='grc' dir='ltr'><em>ΕΦ·</em></span> <span class='ocrx_word' id='word_1_378' title='bbox 551 3902 613 3953; x_wconf 69' lang='lat' dir='ltr'><em>tute.</em></span> <span class='ocrx_word' id='word_1_379' title='bbox 667 3904 689 3949; x_wconf 79' lang='lat'><em>⁹)</em></span> <span class='ocrx_word' id='word_1_380' title='bbox 709 3902 826 3951; x_wconf 66' lang='grc'>0011185.</span> <span class='ocrx_word' id='word_1_381' title='bbox 847 3903 903 3952; x_wconf 72' lang='lat' dir='ltr'><em>sits.</em></span> <span class='ocrx_word' id='word_1_382' title='bbox 929 3905 1159 3961; x_wconf 52' lang='lat' dir='ltr'><em>&amp;madescitis</em></span> 
     </span>
     <span class='ocr_line' id='line_1_40' title="bbox 104 3975 988 4043; baseline -0.002 -15"><span class='ocrx_word' id='word_1_383' title='bbox 104 3981 139 4032; x_wconf 86' lang='grc'><em>10)</em></span> <span class='ocrx_word' id='word_1_384' title='bbox 152 3975 416 4037; x_wconf 50' lang='grc' dir='ltr'><em>ΰιιιιιάηυιειωιι).</em></span> <span class='ocrx_word' id='word_1_385' title='bbox 467 3979 499 4031; x_wconf 91' lang='grc'><em>11)</em></span> <span class='ocrx_word' id='word_1_386' title='bbox 517 3976 679 4043; x_wconf 61' lang='lat' dir='ltr'><em>&amp;tt-cum</em></span> <span class='ocrx_word' id='word_1_387' title='bbox 691 3976 754 4025; x_wconf 75' lang='lat' dir='ltr'><em>attis</em></span> <span class='ocrx_word' id='word_1_388' title='bbox 805 3979 839 4029; x_wconf 79' lang='lat'><em>12&gt;</em></span> <span class='ocrx_word' id='word_1_389' title='bbox 854 3978 914 4030; x_wconf 74' lang='lat' dir='ltr'><em>en.</em></span> <span class='ocrx_word' id='word_1_390' title='bbox 928 3979 988 4027; x_wconf 69' lang='lat' dir='ltr'><em>ei·</em></span> 
     </span>
    </p>
   </div>
   <div class='ocr_carea' id='block_1_4' title="bbox 7 4312 130 4430">
    <p class='ocr_par' dir='ltr' id='par_1_4' title="bbox 7 4312 130 4430">
     <span class='ocr_line' id='line_1_41' title="bbox 7 4312 130 4430; baseline 0 0"><span class='ocrx_word' id='word_1_391' title='bbox 7 4312 130 4430; x_wconf 59' lang='lat' dir='ltr'>B</span> 
     </span>
    </p>
   </div>
   <div class='ocr_carea' id='block_1_5' title="bbox 0 0 1298 4696">
    <p class='ocr_par' dir='ltr' id='par_1_5' title="bbox 0 0 1298 4696">
     <span class='ocr_line' id='line_1_42' title="bbox 0 0 1298 4696; baseline 0 0"><span class='ocrx_word' id='word_1_392' title='bbox 0 0 1298 4696; x_wconf 95' lang='lat' dir='ltr'><em> </em></span> 
     </span>
    </p>
   </div>
  </div>
 </body>
</html>
