2586 4696
187 284 249 357 176
568 320 573 338 ·
668 294 757 361 1530.

218 453 244 504 1·
263 442 421 511 October.
935 448 994 507 N0.
1012 447 1211 507 Mcccxm.

434 576 483 646 iia
509 573 666 658 birras.
692 572 1001 656 baraninam.

275 709 299 759 i.
319 709 389 756 liant
407 708 448 763 lin
466 718 507 758 un
523 711 559 757 lie
576 709 709 764 alemanna
727 709 791 756 naara
811 708 905 760 siriani
924 717 955 755 ou
972 710 1051 758 suasa.
1070 708 1156 758 Θειιῑιι

495 775 599 827 (nciam
612 779 681 823 unm
694 776 743 823 arn
754 777 776 825 a·
789 779 840 825 oct.
854 775 934 829 irinc).

286 968 339 1016 uui
353 969 402 1016 arn
416 969 526 1024 oriniaci
539 980 566 1024 ru
579 968 698 1022 minnan
716 970 859 1024 niteremur
871 974 918 1017 aaa
931 968 991 1028 bru.
1004 967 1045 1014 Dr.
1059 968 1149 1019 maren

221 1082 420 1141 Clarissimo
438 1085 526 1153 niro,
554 1084 698 1141 Domino
715 1088 917 1160 Hieronymo
933 1085 1217 1158 Bamnantnero,

189 1200 192 1207 -
264 1163 517 1241 Nnrmberqens.
529 1185 551 1221 α
563 1175 694 1238 senatu,
711 1186 769 1226 sno
781 1167 916 1240 quori
925 1168 961 1223 in
974 1166 1127 1223 Domino.
1140 1164 1168 1233 ¹‘)

188 1267 333 1367 Gratiam
352 1323 382 1369 et
400 1330 515 1386 pacem.
534 1314 642 1389 ‘Quod
667 1315 760 1372 literis
784 1316 844 1372 tuis
867 1331 929 1370 non
952 1311 1112 1386 respondi,
1136 1309 1251 1382 optime

188 1401 385 1474 Hieronyme,
405 1406 516 1460 iactum
534 1419 579 1459 est
595 1404 719 1477 parlim,
744 1406 826 1478 quod
842 1420 903 1460 non
921 1396 1006 1472 erat,
1023 1401 1105 1474 quod
1123 1416 1252 1471 respon.

189 1491 324 1562 deretur,
349 1494 453 1565 partim
472 1496 552 1567 quod
570 1479 783 1552 differre'volui
801 1511 898 1566 usque
920 1495 950 1547 in
966 1493 1049 1547 hunc
1068 1492 1164 1558 diem,
1187 1507 1250 1561 quo

188 1598 229 1638 ex
246 1581 304 1637 hac
327 1599 429 1639 eremo
447 1585 613 1653 solverem,
634 1596 667 1640 ut
689 1585 735 1640 sic
751 1585 872 1654 negotio
896 1582 1044 1638 scribendi
1066 1581 1171 1636 habito
1196 1580 1250 1633 tibi

188 1672 397 1728 valedicerem.
439 1673 497 1730 Est
520 1686 619 1745 autem
642 1675 704 1729 hoc
728 1675 855 1744 negotii,
880 1673 996 1728 scilicet
1017 1682 1051 1727 ut
1072 1670 1127 1726 hus
1150 1670 1251 1725 literas

168 1761 326 1833 ,Ludvico
345 1763 443 1818 Seniel
466 1763 583 1819 musico
600 1764 681 1819 reddi
698 1780 837 1820 curares:
860 1779 928 1817 nam
948 1762 973 1818 is
989 1778 1039 1816 me
1058 1760 1192 1829 rogavit,
1216 1769 1252 1813 ut

96 1847 101 1856 ’
189 1852 215 1909 si
232 1869 318 1925 quas·
330 1853 365 1908 ad
389 1871 458 1908 eum
475 1852 543 1909 dare
560 1855 687 1922 vellem,
712 1871 766 1926 per
783 1864 812 1909 te
829 1853 944 1908 darem:
968 1853 1006 1906 ita
1026 1851 1106 1906 enim
1125 1849 1252 1906 fideliter

189 1953 220 1998 et
237 1943 396 1999 commode
414 1946 448 1998 ad
466 1961 535 1999 eum
552 1954 745 2017 perventuras
763 1960 831 2000 esse
849 1953 939 2021 putat,
974 1940 1076 2016 Quare
1097 1949 1128 1996 et
1144 1957 1201 2010 ego
1219 1951 1251 1995 te

189 2049 263 2101 oro,
281 2042 315 2087 ut
330 2032 462 2089 hominis
480 2033 568 2088 fidem
586 2034 709 2105 impleas
729 2043 758 2089 et
775 2032 921 2100 robores,
939 2047 1031 2104 quam
1047 2031 1084 2085 de
1100 2040 1130 2086 te
1144 2028 1248 2097 habet,

188 2121 284 2176 ethes
301 2121 454 2191 adjunctas
467 2122 562 2176 oblata
580 2122 743 2177 occasione
755 2122 790 2176 ad
804 2138 872 2176 eum
883 2121 995 2176 mittas.
1029 2119 1151 2175 Nollem
1166 2117 1249 2175 enim

187 2210 285 2264 virum
303 2209 449 2281 optimum
467 2211 525 2264 mei
543 2211 670 2266 nominis
687 2210 758 2265 odio
777 2222 825 2265 aut
842 2210 976 2282 periculo
994 2223 1131 2278 gravare,
1148 2207 1250 2261 donec

190 2299 247 2354 sub
269 2300 327 2354 isto
346 2316 446 2354 rerum
463 2310 542 2354 statu
566 2300 633 2368 agit.
667 2299 767 2354 Audio
788 2310 816 2354 te
834 2299 895 2353 lieri
914 2297 1059 2369 Magnum
1074 2297 1250 2366 Baumgart.

187 2391 323 2467 nerium,
341 2401 371 2445 et
387 2390 525 2445 festinare
542 2389 577 2443 ad
596 2390 677 2445 illum
693 2406 815 2445 veroum
831 2389 931 2445 Moci:
950 2389 1168 2456 incrassatus,
1186 2386 1248 2441 im:

185 2482 381 2556 pinquatus,
398 2479 555 2535 dilatatus
567 2487 622 2535 ert.
652 2481 707 2535 Sed
718 2479 871 2535 Dominus
884 2490 913 2534 te
925 2479 1095 2545 benedicat,
1111 2487 1145 2531 ut
1153 2477 1248 2532 multo

188 2573 328 2638 crassior,
347 2571 483 2643 pinguior
500 2580 530 2625 et
546 2569 699 2625 robustior
711 2568 761 2624 lias
779 2569 810 2624 in
827 2571 937 2638 animo,
954 2569 1004 2623 ubi
1019 2586 1083 2624 non
1097 2569 1249 2639 sequitur:

188 2662 236 2716 Et
258 2660 427 2735 dereliquit
442 2659 548 2715 Deum
564 2657 730 2730 factorem
746 2675 855 2727 snum,
880 2659 933 2713 sed
951 2658 1101 2730 sequitur:
1124 2658 1172 2712 Et
1189 2657 1250 2712 ad.

187 2751 292 2807 haesit
304 2751 445 2806 Domino
458 2750 529 2806 Deo
541 2767 598 2805 suo
610 2750 644 2804 in
656 2750 751 2804 corde
761 2749 913 2821 perfecto.
948 2749 994 2804 Sic
1007 2762 1107 2804 aecum
1120 2749 1248 2816 fabulor,

188 2841 258 2896 dum
285 2842 362 2895 aliud
388 2858 448 2896 nnn
472 2852 572 2911 esset,
602 2840 682 2911 quod
707 2839 883 2894 scriberem.
924 2838 1003 2896 Nam
1030 2856 1106 2911 quae
1131 2844 1159 2894 in
1184 2849 1249 2894 toto

187 2931 400 2998 mundalium,
416 2947 473 2986 vos
486 2931 573 3003 primi
591 2942 620 2984 et
632 2930 743 2984 certius
759 2930 858 2985 onmia
873 2931 976 2985 nostis.
1010 2928 1144 3000 Papisius
1162 2940 1250 2998 urget

188 3035 277 3076 suum
294 3022 403 3087 iatum,
429 3036 463 3073 ac
475 3020 539 3090 jam
556 3029 735 3074 excaecatus
753 3030 783 3073 et
805 3020 972 3089 ingravatus
991 3029 1037 3074 est
1053 3019 1192 3086 Pharao,
1216 3035 1250 3071 ac

188 3111 279 3165 instat
291 3109 393 3164 Israeli
406 3110 549 3179 egressio.
585 3109 667 3184 Quid
680 3109 707 3163 ei
720 3109 866 3180 reliquum
884 3122 929 3165 est
941 3109 997 3165 nisi
1010 3126 1091 3164 mare
1104 3111 1249 3165 rubrum?

187 3199 340 3256 Dominus
368 3198 502 3255 liberabit
524 3215 597 3266 nos,
629 3199 715 3254 sicuti
743 3201 894 3255 credimus
923 3209 953 3254 et
978 3216 1107 3255 oramus.
1151 3201 1249 3255 Saluta

187 3290 261 3344 mibi
274 3299 353 3344 tuam
366 3301 480 3344 costam
498 3300 527 3342 et
538 3289 664 3360 prolem.
699 3289 799 3344 Saluto
812 3299 840 3344 te
852 3291 972 3345 nomine
982 3290 1134 3344 Dominae
1152 3306 1249 3355 meae,

189 3381 342 3452 quondam
360 3379 400 3433 tui
419 3379 509 3449 ignis:
527 3376 571 3441 ⁹⁴)
591 3377 635 3432 sic
652 3378 678 3430 ei
696 3378 841 3448 narrabo,
859 3394 927 3433 cum
945 3380 1072 3435 rediero.
1106 3378 1149 3434 Ita
1162 3380 1248 3435 soleo

190 3485 254 3523 eam
278 3480 331 3523 tuo
355 3483 476 3539 quoque
498 3465 617 3520 nomine
641 3466 798 3537 aliquando
822 3467 935 3525 ludere.
970 3468 1108 3523 Christus
1131 3481 1249 3536 tecum,

188 3563 297 3615 Amen.
334 3558 384 3613 Ex
401 3557 570 3626 Altoburgo
589 3557 632 3624 (2²)
650 3557 745 3629 prima
762 3545 924 3627 Oclbbris‚
944 3558 1135 3614 MDXXX.'

837 3655 839 3661 ’
866 3657 905 3712 Τ.
921 3657 1070 3714 Martinus
1088 3658 1215 3720 Luther.

238 3829 262 3878 *l
280 3829 353 3874 lintre
365 3824 436 3873 lirin
448 3823 549 3874 narrar.
562 3831 608 3868 aaa
621 3823 660 3871 ael
674 3823 908 3885 ennfianrrlpml
918 3827 975 3879 anna
984 3826 1094 3883 aurini:
1109 3830 1184 3880 „ism
1199 3830 1248 3874 aa.

189 3905 273 3960 gnane
289 3903 322 3948 21.
333 3897 470 3945 Octobris.·’
495 3899 530 3948 dr
544 3899 624 3950 baiani
637 3898 677 3950 stu
690 3900 779 3947 annali
793 3901 819 3947 ln
832 3901 965 3956 nuntium.
1026 3908 1064 3958 ⁸⁸)
1083 3904 1116 3952 m.
1128 3905 1194 3956 batia
1206 3904 1241 3951 air

189 3975 320 4029 sarbaram
337 3971 414 4026 sdan
427 3970 519 4026 celires.
545 3971 579 4024 6.
591 3973 612 4021 2.
623 3973 675 4026 tal.
689 3972 734 4020 No.
745 3971 851 4021 bem
