2594 4696
604 297 694 366 asso.
878 280 885 288 ’
1125 293 1163 364 71

113 405 262 510 Gratiam
283 462 441 531 etflpacem
463 455 492 510 in
516 453 648 527 Christo.
682 455 799 526 Habes,
824 455 951 513 Cordste
974 455 1168 520 charissime,

112 542 162 599 hic
179 546 304 600 alteram
320 538 434 614 rivam,
456 547 575 601 alteram
599 564 660 605 non
683 549 777 600 vivam
801 549 975 617 epistolam,
989 545 1015 611 ¹)
1041 546 1103 600 hoc
1127 552 1171 599 est

113 635 213 708 ipsum
236 635 431 690 Februarium
447 635 478 701 Ψ)
502 648 534 691 et
555 653 636 692 meas
660 639 758 693 literas
781 636 816 691 ad
839 636 1043 708 Episcopum,
1060 633 1103 702 **)
1130 649 1171 689 ex

113 725 223 798 quibus
242 727 355 799 poteris
371 725 531 797 intelligere
550 728 664 795 omnia,
683 743 763 798 quae,
773 743 832 797 vego
846 744 924 781 nuuc
940 720 1006 781 scio
1024 726 1061 779 de
1077 723 1171 780 comi.

113 815 160 873 tiis
180 815 256 870 istis.
289 815 362 872 Ideo
379 814 453 871 nihil
471 816 595 887 amplius
613 815 727 884 habeo,
748 816 828 886 quod
847 816 882 869 ad
899 825 926 869 te
944 813 1083 870 scribam.
1115 810 1172 869 Jo.

113 903 300 970 rassermis,
319 919 387 959 sese
398 905 516 959 affuisse
534 907 562 960 in
577 905 737 973 audientia,
754 919 824 958 eum
836 914 1008 959 nostrorum
1021 902 1171 959 consessio

116 1003 163 1050 est
178 993 303 1048 recitata
319 1010 340 1058 a,
351 993 489 1048 Doctore
505 993 674 1050 Christiano
693 993 805 1047 duabus
822 993 942 1062 integris
959 991 1063 1059 horis,
1085 991 1174 1045 vidie.
1208 979 1212 990 ¹

113 1098 208 1155 seque
221 1099 255 1139 se
265 1082 293 1146 ²)
309 1083 410 1137 vuitus
422 1068 554 1138 omnium
562 1123 573 1152 ,
590 1083 625 1138 de
638 1099 700 1155 quo
713 1083 786 1138 mihi
800 1085 927 1153 spondet
939 1082 1136 1136 narrationem
1145 1078 1173 1144 ³)

115 1187 231 1229 coram.
265 1170 371 1227 ilabeo
394 1172 459 1242 ejus
476 1172 676 1227 confessionis
692 1170 744 1226 hic
768 1172 939 1243 exemplar,
966 1171 1020 1235 sed
1036 1169 1174 1226 mandato

114 1261 329 1325 retinendum·
350 1260 439 1316 Certe
455 1259 634 1317 instructum
650 1271 679 1322 et
691 1262 765 1317 mire
782 1261 950 1317 laboratum
967 1270 1013 1316 est
1025 1253 1055 1328 ⁴)
1073 1259 1110 1314 ab
1126 1260 1176 1314 ad.

113 1352 270 1420 versariis,
286 1368 324 1405 ne
336 1351 445 1405 Caesar
456 1367 520 1405 eem
533 1351 698 1407 admitteret
707 1350 786 1420 'neve
799 1352 925 1407 audiret:
943 1350 1064 1424 publice
1076 1360 1175 1405 tameu

113 1458 219 1498 coram
237 1441 328 1511 vulgo
353 1439 466 1512 imperii
484 1439 542 1510 legi
560 1457 620 1494 nou
637 1439 746 1511 potuit,
768 1439 829 1495 hoc
851 1439 1021 1497 effecerunt.
1045 1429 1175 1494 Deinde

114 1531 251 1587 Caesaris
263 1530 353 1600 jussu
370 1528 472 1584 tradita
489 1542 534 1585 est
552 1540 581 1585 et
599 1530 673 1585 lecta
691 1545 793 1584 coram
806 1537 869 1584 toto
882 1529 1019 1601 imperio,
1038 1529 1066 1582 id
1079 1520 1174 1596 est,5)

113 1619 307 1690 Principibus
319 1629 348 1674 et
363 1618 488 1673 statibus
500 1617 625 1690 imperii.
642 1652 644 1656 ν
655 1616 734 1673 Mihi
744 1617 940 1675 vehementer
951 1617 1047 1693 piacet
1059 1618 1174 1674 vixisse

113 1710 143 1764 in
160 1709 241 1764 hanc
257 1709 382 1774 horem,
404 1723 462 1778 qua
479 1707 614 1762 Christus
636 1723 690 1778 per
707 1722 782 1762 suos
806 1715 907 1762 tantos
929 1709 1121 1762 consessores
1144 1709 1175 1763 in

112 1809 195 1855 tauto
220 1811 369 1853 consessu
385 1789 513 1869 publice
525 1801 573 1852 est
589 1795 776 1868 praedicatus
796 1795 990 1852 confessione
1005 1797 1090 1868 plene
1111 1797 1176 1869 pul.

114 1888 276 1946 cherrima.
309 1887 352 1943 Et
372 1887 514 1958 impletur
535 1885 623 1943 illud:
647 1881 819 1960 Loquebar
837 1885 875 1940 de
896 1885 1088 1942 tertirnonir’s
1110 1886 1175 1941 tuis
1198 1903 1200 1913 ’

114 1980 149 2036 in
161 1983 332 2050 conspectu
343 1993 465 2051 requrn,
481 1974 650 2046 implebitur
662 1969 734 2040 et⁶)
745 1989 812 2031 non
823 1972 1053 2044 confundebar.
1084 1976 1173 2051 Quis,

114 2071 171 2145 qui
187 2087 237 2124 mc
263 2066 426 2138 consensus
439 2065 550 2136 suerit
563 2065 623 2130 <sic
635 2063 719 2123 ,dicit
740 2064 790 2136 qui
807 2080 867 2119 uon
883 2066 1039 2129 mentitur)
1062 2078 1176 2120 coram

113 2157 312 2227 hominihus,
335 2154 508 2225 confitebor
523 2162 554 2210 et
570 2171 628 2229 epo
644 2171 715 2210 erem
731 2167 843 2210 cor-um
855 2161 954 2228 patre
970 2171 1037 2232 meo
1053 2156 1111 2231 eru·
1127 2164 1174 2213 est

113 2251 150 2308 in
166 2248 273 2306 coelis.
297 2240 330 2315 ⁷)
622 2262 625 2266 ’
869 2315 870 2319 ¹

178 2363 231 2419 De
257 2362 320 2417 aliis
339 2359 428 2414 rebus
449 2356 573 2426 (credo)
593 2370 637 2411 'ex
659 2354 722 2411 aliis
746 2356 846 2410 omnia
866 2354 959 2411 noris.
997 2353 1069 2411 Sunt
1093 2353 1172 2411 enim

115 2469 250 2509 excusae
273 2466 398 2523 pompae
422 2448 573 2517 ingressus
598 2444 774 2500 Caesariani.
805 2444 872 2514 Ego
897 2445 999 2499 videre
1023 2461 1118 2512 cogor
1145 2454 1175 2501 et

114 2546 248 2617 palpare,
265 2539 345 2614 quod
357 2555 428 2593 vere
441 2539 528 2592 Deus
540 2537 652 2590 dicatur
668 2523 825 2590 exauditor
836 2551 974 2604 precum,
991 2534 1135 2589 Psal.82.:
1145 2529 1172 2599 8)

113 2635 176 2691 hoc
197 2650 307 2688 nomen
320 2632 389 2701 jure
411 2639 440 2682 et
457 2628 564 2681 merito
583 2623 694 2679 canitur
716 2625 742 2677 ei
765 2625 793 2677 in
810 2634 874 2679 toto
897 2624 980 2678 orbe.
1016 2624 1119 2698 Quare
1143 2637 1173 2680 tu

114 2739 207 2797 perge
230 2738 316 2777 orere
340 2730 370 2773 et
394 2733 498 2772 omnes
522 2717 557 2770 ad
582 2715 744 2770 orationem
771 2714 968 2782 inflammare,
999 2717 1172 2783 praesertim

114 2832 169 2887 pro
188 2799 315 2866 Caesare
333 2809 445 2879 optimo
463 2807 511 2859 iiio
525 2805 636 2875 juvene
654 2804 741 2870 digno
757 2803 819 2857 Dei
837 2812 867 2856 et
882 2802 1037 2858 hominum
1056 2821 1170 2861 aratore:

117 2902 222 2959 deinde
246 2917 301 2971 pro
320 2915 381 2953 non
398 2896 495 2950 minus
513 2894 593 2948 bono
609 2892 750 2962 Principe
770 2903 874 2946 nostro
898 2903 927 2947 et
943 2894 1036 2961 magis
1058 2893 1169 2950 serente

116 3008 257 3056 crucem,
281 2999 310 3043 et
328 3004 382 3058 pro
400 2984 558 3056 Philippo,
582 2983 632 3054 qui
648 2981 759 3036 misere
783 2981 916 3037 securis
941 2994 1069 3054 torquet.
1102 2984 1169 3054 Ego

115 3083 140 3139 si
158 3079 313 3146 vocabor,
331 3075 448 3132 vocabo
465 3083 495 3128 te
511 3089 650 3144 quoque,
668 3088 705 3125 ne
723 3070 849 3126 dubites.
882 3071 1033 3147 Dominus
1051 3085 1167 3143 tecum,

90 3176 96 3183 ’
114 3177 225 3230 Amen.
259 3168 310 3224 Ex
326 3167 437 3222 Eremo
454 3164 480 3218 (¹.
496 3162 518 3218 ,J
522 3161 588 3230 ulii,
606 3159 775 3216 Mnxxx.

751 3286 792 3341 Τ.
808 3284 956 3342 ittartinue
972 3286 1135 3346 Lutherus.

163 3579 491 3650 trencin-altmontem.
529 3574 772 3623 sueretu-se.
809 3579 832 3624 3)
845 3578 869 3624 B.
884 3578 1007 3631 strenam
1018 3544 1164 3626 narratione.

112 3652 556 3710 &R-etcoeicodd-est.
606 3648 859 3701 Mucia-idest.
909 3653 1166 3713 dili-‘ridquodse-

115 3735 205 3792 quitur.
256 3731 278 3780 ’ὓ
293 3727 373 3773 coel.
389 3736 443 3771 meo
457 3721 567 3770 coelesti.
615 3725 637 3769 8)
651 3721 732 3768 coel.
746 3725 777 3770 ⁶2.

112 3866 344 3886 Μ

163 3972 187 4022 ⁸)
207 3965 334 4025 mutunus·
385 3963 423 4017 ‘·)
442 3964 480 4010 uu
492 3961 545 4013 titr.
559 3959 717 4020 precntum
