2586 4696
187 309 249 373 510
668 313 759 383 tsst.

186 468 361 524 necessariis
378 479 407 524 et
425 467 514 528 certis
534 472 684 544 principiis
704 474 801 544 primo
819 483 863 528 est
880 462 1072 543 formandus,
1098 464 1182 546 quae
1205 470 1255 530 dr.

186 558 274 612 mitet·
291 561 411 626 credat,
430 564 494 631 quin
514 581 638 617 neccsse
658 576 721 629 cst,
743 581 864 619 omnem
882 565 1088 620 addiscentem
1107 565 1254 620 crederet

187 647 237 718 qui
257 651 334 702 enim
353 649 400 703 vel
420 653 483 720 ipse
500 647 628 720 dubitat,
647 654 694 708 vcl
713 655 839 710 docetur
855 654 1008 723 dubitare,
1034 654 1112 727 quid
1128 654 1183 711 ille
1199 672 1252 711 uo.

186 754 275 810 quum
295 741 414 796 discet?

252 842 369 899 Noster·
385 862 459 901 vcro
478 866 574 902 novus
592 849 751 905 catechista
770 852 830 905 ltoc
842 867 933 905 unum
950 850 1025 922 agit,
1041 861 1078 906 ut
1089 866 1166 908 suos
1178 861 1251 907 eale.

187 933 356 989 chumeuos
375 939 476 991 reddat
496 938 601 993 dubios
619 950 648 994 et
660 941 796 1008 dogmata
808 940 874 995 lidei
887 950 1044 1011 suspecta,
1062 942 1138 996 dum
1153 944 1249 999 statim

186 1020 216 1076 in
234 1024 393 1096 principio,
419 1026 537 1081 omissis
561 1025 664 1083 solidis
687 1029 902 1098 fundamentis,
926 1040 1039 1084 tantum
1067 1029 1127 1086 illis
1146 1031 1248 1109 objicit

185 1113 329 1168 haereses
353 1127 383 1168 et
410 1116 546 1171 scandula
569 1118 763 1186 opinionum,
795 1119 904 1190 quibus
933 1118 1074 1174 Ecclesia
1105 1116 1146 1174 ab
1172 1121 1248 1176 initio

186 1215 292 1258 vexata
310 1215 373 1274 est,
391 1217 423 1259 ut
441 1222 533 1276 paene
551 1206 684 1275 deliniat,
704 1207 774 1263 nihil
794 1225 922 1280 unquam
939 1209 1032 1264 fuisse
1044 1207 1075 1263 in
1088 1209 1250 1265 christiana

186 1293 328 1362 religione
345 1296 429 1349 certi.
462 1295 532 1350 Istis
550 1312 622 1350 vero
641 1296 787 1367 exemplis
808 1306 838 1351 et
860 1296 1038 1369 periculosis
1065 1299 1250 1370 quaestioni.

186 1382 243 1437 bus
267 1385 388 1438 anirnus'
405 1384 560 1454 imperitus
584 1387 681 1440 statim
698 1406 714 1440 a
731 1387 876 1459 principio
901 1387 1044 1456 obrutus,
1073 1389 1149 1460 quid
1172 1390 1249 1446 aliud

185 1474 325 1543 cogitabit
343 1486 392 1530 aut
409 1477 514 1543 saciet,
540 1492 630 1548 quarn
647 1484 679 1531 ut
695 1494 761 1532 sese
779 1494 794 1531 a
815 1479 955 1548 religione
980 1479 1161 1550 christiana,
1189 1492 1249 1536 tan.

186 1582 276 1635 quam
299 1577 383 1637 peste
405 1568 454 1622 vel
479 1567 555 1622 clam
584 1569 735 1640 surripiat,
763 1568 826 1637 vel,
852 1570 876 1624 si
901 1584 991 1625 ausus
1013 1570 1123 1640 fuerit,
1150 1572 1248 1644 palam

187 1655 362 1710 detestetur.
1253 1664 1256 1669 ’

196 1764 200 1769 ’
251 1760 291 1816 Et
308 1761 370 1816 hoc
388 1761 525 1817 callidum
543 1763 701 1818 consilium
718 1780 777 1818 non
794 1773 878 1835 putat
891 1762 928 1816 ab
939 1764 1001 1818 ullo
1012 1763 1139 1820 homine
1155 1782 1245 1839 posse

185 1847 322 1922 intelligi,
345 1853 429 1924 qttnsi
447 1871 507 1907 non
527 1853 687 1908 habeamus
704 1855 732 1908 in
750 1854 909 1926 Scripturis
929 1854 1078 1924 ejusmodi
1096 1856 1245 1912 larvarum

185 1943 308 1998 Dinboli
326 1942 433 1998 infinite
451 1945 598 2014 exempla.
633 1942 680 1997 Sic
702 1945 780 1998 enim
803 1960 929 2014 serpens
946 1945 1061 1999 Hevam
1089 1947 1189 2017 ptimo
1210 1936 1244 2002 nl

185 2032 306 2085 dubium
324 2032 499 2100 solicitavit,
517 2032 587 2086 dum
605 2032 631 2087 ei
648 2044 820 2104 suspectum
837 2033 965 2089 reddidit
979 2044 1174 2106 praeceptum
1183 2036 1243 2093 Dei

186 2121 223 2175 de
243 2122 348 2175 arbore
372 2122 512 2175 scientiae
534 2121 605 2176 boni
630 2135 660 2176 ct
683 2121 762 2177 mali.
795 2121 928 2177 Dubiam
949 2139 1024 2177 vero
1046 2125 1153 2180 factam
1175 2141 1244 2198 pro.

186 2211 289 2266 stravit
314 2221 343 2266 et
369 2211 439 2266 vicit
462 2211 534 2280 (nisi
552 2210 696 2266 Erasmus
720 2223 750 2267 et
771 2211 849 2267 hene
874 2229 995 2285 quoque
1019 2212 1152 2270 fabulam
1176 2231 1243 2274 ase

185 2304 290 2374 putat.)

250 2405 293 2462 lta
319 2417 349 2461 et
371 2406 435 2478 ipse
460 2406 567 2461 eodem
594 2407 766 2479 serpentino
789 2408 924 2476 ingressu
948 2407 1068 2480 irrepit,
1095 2416 1128 2466 et
1150 2419 1243 2467 tentat

185 2497 336 2571 sitnpliccs
354 2499 474 2551 animas.
508 2496 567 2550 Cur
583 2507 627 2551 tot
644 2507 741 2552 sectae
758 2510 788 2551 et
801 2513 919 2552 errores
931 2498 959 2551 in
970 2497 1028 2552 hac
1040 2516 1097 2553 una
1110 2502 1241 2557 veritatis

184 2592 237 2656 (ut
262 2589 413 2646 creditur>
436 2587 577 2655 religione
602 2587 742 2641 fuerunt?
776 2587 837 2641 Cur
860 2597 920 2641 tam
946 2587 1062 2642 diversa
1084 2591 1241 2659 symbola?

185 2679 246 2733 Cur
268 2680 296 2732 in
322 2677 459 2749 symbolo
484 2677 699 2748 Apostolorum
724 2677 886 2747 appellatur
907 2675 1000 2731 Pater
1016 2677 1124 2747 Deus,
1149 2680 1240 2737 Filius

184 2785 245 2823 non
262 2769 368 2833 Deus,
387 2767 439 2822 sed
457 2768 625 2834 DoniinuS,
646 2767 769 2835 Spiritus
787 2784 860 2820 vero
878 2784 934 2820 nec
951 2769 1038 2822 Deus
1056 2785 1114 2823 nee
1133 2771 1241 2827 Domi.

183 2875 257 2926 uus,
285 2859 337 2912 sed
362 2869 499 2925 sanctus,
526 2857 618 2911 ethis
640 2855 764 2910 similia?
799 2857 893 2930 Quis,
920 2874 1012 2926 rogo,
1040 2858 1175 2915 solicitat
1195 2861 1239 2917 his

184 2948 407 3020 quaestiouibus
419 2948 508 3001 rudes
521 2950 645 3014 animas,
663 2962 735 3016 quas
748 2948 921 3001 erudiendas
933 2948 1084 3019 suscepit,
1104 2949 1161 3005 nisi
1179 2952 1240 3023 ipse

184 3036 356 3093 Diabolus?
391 3036 468 3110 Quis
487 3053 559 3090 vero
578 3037 651 3089 ausit
668 3035 713 3089 sic
730 3035 812 3106 loqui
831 3035 866 3089 de
883 3035 1021 3105 symbolo
1034 3037 1123 3094 fidei?
1157 3039 1240 3095 Ecce

184 3128 279 3184 habes
298 3127 424 3183 salubris
448 3126 561 3180 ubrilne
580 3125 729 3194 protasin,
747 3124 869 3195 epitasin
886 3136 916 3179 et
934 3128 1168 3199 catastrophen,
1186 3131 1239 3186 nisi

181 3221 281 3291 ipsum
298 3234 333 3273 os
353 3228 382 3271 et
399 3233 542 3285 organum
560 3217 690 3270 Satanae.

248 3325 304 3379 Sed
317 3339 405 3389 eece,
424 3334 525 3393 raptus
537 3338 605 3382 sum
617 3338 708 3390 paene
721 3322 750 3375 iu
763 3323 999 3377 confutationem
1009 3321 1034 3388 ¹)
1053 3322 1238 3382 Catechismi

183 3415 277 3480 illiue,
294 3430 363 3467 cum
379 3423 477 3466 tamen
494 3413 592 3466 solum
611 3411 736 3465 indicare
750 3412 801 3465 tibi
819 3413 984 3480 voluerim,
1003 3430 1059 3467 cur
1073 3416 1146 3470 mihi
1159 3419 1240 3471 vide.

151 3538 153 3542 Α
183 3515 249 3559 atur
264 3520 325 3557 non
343 3517 410 3556 esse
428 3499 667 3570 respondendum
684 3499 754 3553 huic
771 3502 906 3570 viperae,
924 3503 976 3556 sed
995 3503 1075 3573 quod
1093 3505 1239 3578 seipsam

182 3594 249 3667 plus
266 3594 336 3648 satis
354 3593 486 3645 confutet
502 3591 529 3655 ²)
547 3589 622 3659 apud
640 3605 745 3644 omnes
764 3591 827 3659 pios
845 3601 873 3643 et
888 3589 986 3645 bonos
1005 3593 1099 3649 viros.

248 3698 378 3755 Similem
396 3698 495 3751 ludum
513 3710 543 3751 et
557 3697 585 3751 iu
598 3696 778 3766 Apostolum
790 3696 915 3751 Paulum
933 3697 1001 3752 lusit
1018 3698 1236 3772 (Patuphrases

183 3807 237 3848 seu
255 3788 491 3862 paraphroncses
501 3828 510 3855 ,
528 3796 560 3840 ut
577 3787 668 3858 ipsius
684 3785 777 3840 verbo
790 3799 874 3854 nitar,
891 3791 991 3851 tacco)
1010 3788 1038 3843 in
1056 3794 1234 3862 praemone

231 4000 252 4050 t)
265 3996 362 4044 vitet.
377 3996 557 4044 refutationem.
621 3997 643 4048 2)
656 3994 753 4042 vuer.
768 3994 865 4042 refutet
