2586 4696
111 336 133 406 6
598 343 688 408 15³0.
716 342 724 356 '

112 498 216 567 Scies,
241 501 311 571 quid
332 501 429 556 facem
454 500 506 556 tibi
532 509 683 570 congruat.
717 496 789 553 Vale
814 499 844 552 in
861 495 1000 562 Christo,
1026 499 1056 551 ei
1078 493 1173 551 saluta

101 592 233 643 'carnem
252 602 331 645 tuam
350 608 420 644 cum
437 591 540 663 prole,
556 589 664 646 Amen.
699 588 854 658 Coburgae
871 586 1048 654 MDXXX,
1068 585 1175 656 Vigilia

113 677 239 749 Georgii
256 679 411 752 Martyris.

788 768 828 823 T.
847 765 997 823 Martinus
1014 764 1141 822 Luther.

148 1148 319 1218 usius
457 1108 466 1196 Ῐ
774 1114 779 1137 ’4
921 1146 1143 1248 uuMoem.

462 1303 511 1374 uu
540 1301 672 1374 uolua
701 1296 824 1382 uelle.

185 1458 208 1507 2.
224 1455 341 1512 emptitiis
355 1457 414 1509 selue
428 1459 532 1513 §reunia
545 1461 594 1506 leui
607 1457 697 1506 nauali
711 1458 737 1506 ln
749 1457 873 1512 milenum
888 1455 995 1503 lebetum
1009 1455 1038 1506 u.
1051 1451 1111 1513 Μ.

559 1593 701 1610 U

85 1685 102 1719 '·
170 1696 1123 1761 nulm&uuillielmi&amulumiupeluuiltbensdiilsell.m

116 1829 184 1886 Du.
201 1827 338 1887 Eobano
358 1833 479 1902 Hesso,
486 1831 604 1903 fratri
617 1832 826 1901 charissimo,
843 1832 965 1888 Poetae
979 1826 1178 1908 Germuiiiae

359 1921 560 1994 clarissimo,
584 1923 668 1979 Viro
685 1930 716 1978 et
732 1920 812 1978 bono
829 1929 859 1976 et
873 1921 937 1994 pio.

118 2052 261 2154 Gratiam
279 2108 309 2155 et
327 2117 429 2170 pacem
448 2102 476 2156 in
494 2101 627 2158 Christo.
662 2102 801 2178 Quatuor
824 2078 965 2172 epistulas
989 2100 1024 2155 ad
1045 2107 1075 2155 te
1092 2098 1179 2156 mitto

33 2220 36 2235 ι
115 2189 224 2259 simul,
241 2192 281 2244 mi
292 2190 433 2261 liubane,
451 2207 560 2265 easque
571 2192 706 2253 viventes
719 2205 747 2246 et
760 2194 938 2263 loquentes,
955 2192 1015 2246 imo
1033 2190 1181 2262 eloquen-

116 2279 264 2346 tissimas,
280 2279 426 2348 lustum,¹
439 2281 629 2354 Philippum,
653 2283 832 2356 Spalatinum
849 2291 880 2336 et
897 2281 1085 2351 Agricolam:
1107 2279 1182 2337 mia.

118 2385 183 2427 sem
206 2387 262 2439 ego
281 2370 375 2425 libens
394 2371 511 2442 quinta,
536 2372 589 2427 sed
614 2384 692 2440 erat,
716 2372 767 2443 qui
793 2373 906 2426 diceret
923 2369 1015 2439 mihi,
1040 2379 1126 2439 tace,
1149 2379 1181 2425 tu

115 2458 211 2515 habes
228 2461 336 2514 malam
353 2478 472 2517 vocem.
507 2461 595 2517 Forte
612 2461 640 2516 id
658 2462 763 2517 accidit
776 2462 904 2531 regionis
921 2447 1097 2531 hujusaitio
1114 2459 1181 2534 qui.

116 2550 231 2606 narium
256 2548 344 2605 simul
362 2567 519 2606 numerum
537 2551 681 2619 odientis,
706 2562 735 2605 et
757 2551 814 2605 sub
832 2551 976 2620 Smeglan
993 2554 1071 2606 duos
1096 2566 1181 2606 com·

116 2630 339 2714 prehendentis.
374 2641 477 2712 ltaque
495 2657 525 2695 et
541 2658 589 2696 me
607 2642 742 2712 quintum
761 2642 789 2695 in
809 2641 949 2712 Philippo
966 2651 1074 2712 quarto
1092 2656 1181 2711 agno-

117 2745 197 2785 scas.
231 2729 310 2784 Cave
331 2730 492 2803 deinceps,
517 2748 555 2785 ne
580 2746 710 2802 unquam
729 2731 914 2803 queruleris,
938 2730 1067 2786 rariores
1092 2730 1129 2785 ad
1150 2740 1181 2786 te

118 2817 180 2874 duri
198 2818 308 2874 literas.
341 2818 408 2888 Ego
426 2831 455 2874 te
473 2820 519 2874 sie
544 2819 684 2874 obrutum
703 2820 785 2888 dedi,
808 2831 842 2874 ut
858 2820 945 2874 nullis
964 2836 1098 2891 uuquam
1120 2819 1181 2890 epi.

118 2908 204 2964 stolis
222 2907 294 2962 mihi
312 2909 382 2963 salis
402 2910 582 2982 respondere
600 2926 703 2981 queas,
737 2911 804 2964 Hoc
823 2911 902 2975 seio,
925 2919 955 2964 et
971 2912 1035 2965 seio
1057 2920 1087 2964 te
1105 2927 1179 2983 quo.

118 3014 179 3070 que
197 2998 330 3052 eredere.
365 2997 414 3052 Ne
434 2998 520 3065 igitur
536 2998 602 3053 istis
621 2999 876 3069 eloquentissimis
894 2998 1029 3070 epistolis
1044 3015 1110 3054 mea
1123 2999 1180 3054 hae

117 3097 199 3143 mula
218 3096 248 3142 et
264 3099 381 3141 mortua
400 3088 525 3160 epistola
548 3089 684 3158 injuriam
702 3090 824 3156 faciam,
849 3089 982 3143 desinam
1000 3089 1083 3161 plura
1100 3079 1180 3144 nun‘e

118 3177 264 3234 scribere.
297 3178 349 3233 Tu
360 3179 446 3245 vive,
464 3179 529 3233 vale
547 3190 577 3234 et
591 3181 690 3235 fruere
708 3178 771 3234 istis
784 3179 860 3234 meis
873 3178 1041 3234 visceribus
1055 3180 1180 3236 feliciter

118 3269 148 3325 iu
166 3267 298 3323 Christo.
333 3267 452 3321 Salvere
471 3268 561 3339 cupio
579 3269 701 3322 domum
721 3279 800 3322 iiiam
820 3269 943 3338 regiam,
962 3269 1113 3338 reginam,
1137 3286 1180 3325 re.

118 3346 183 3430 glos
199 3359 328 3425 liberos,
347 3357 517 3429 regiamque
536 3359 682 3414 familiam.
718 3359 797 3414 Nam
814 3359 1012 3427 Osiandrum,
1031 3359 1180 3415 Wences·

117 3449 215 3516 laum,
234 3447 488 3517 Schleupnerum,
513 3448 681 3514 Thomam,
706 3459 734 3505 el
753 3449 825 3504 alios
844 3466 882 3503 ex
900 3466 948 3502 me
967 3449 1112 3504 salutandi
1130 3451 1180 3505 ht

118 3538 192 3596 bent
202 3538 371 3593 mandatum
384 3537 454 3592 isiae
467 3555 550 3593 meae
564 3539 646 3593 vivae
659 3539 811 3610 epistolae.
844 3539 997 3595 Dominus
1009 3539 1178 3596 vobiscum.

121 3630 214 3686 Orate
226 3645 282 3701 pro
294 3643 352 3682 me.
387 3627 453 3698 Ego
471 3646 593 3699 quoque
611 3647 666 3682 oro
680 3647 735 3700 pro
749 3631 846 3684 vobis.
882 3628 945 3689 {lul
961 3629 1028 3694 melfi
1046 3629 1084 3696 ld)
1098 3629 1178 3696 ΜΝ.

120 3723 230 3777 Amen.
266 3718 423 3790 Coburgae
440 3718 487 3774 die
505 3719 533 3774 S.
552 3717 691 3789 Georgii,
708 3717 876 3776 MDXXX.

675 3870 678 3880 ·
758 3835 798 3891 T.
815 3835 963 3892 Martinus
983 3835 1149 3897 Lutherus.
