2586 4696
543 306 634 377 trit.
1056 306 1120 373 21³

10 484 12 507 ¹
45 464 182 544 perfidie
204 466 516 525 &cremenieriorunu
548 464 589 523 Et
606 426 735 538 (iomee,
760 467 810 539 qni
834 465 980 525 bectenue
1005 464 1146 543 fortiter¹

10 584 14 639 Ι
45 558 182 631 neuun
197 573 279 614 nunc
290 558 402 615 tnctut
414 556 557 630 permittit
570 557 689 630 quidvis
704 558 839 629 equovie
851 558 966 614 doceri.
999 556 1124 613 Videtur

10 642 13 697 Ι
45 647 150 718 mihi,
168 646 252 721 quod
268 646 383 705 Deue
375 647 518 720 inceperit
540 646 775 718 ingratitudinem
792 647 893 703 mundi
910 643 1014 720 punir'e
1031 646 1125 705 velle.

10 754 116 845 ἰςιιο
143 753 255 794 rumne
280 765 313 778 -
334 763 369 777 -
394 747 425 792 et
449 737 566 793 trudere
594 737 724 809 ingratos
752 739 783 794 in
800 738 970 812 reprobum
988 752 1123 794 eentum.

10 798 170 888 incerti
185 836 285 882 nmen
301 804 511 894 miserebitur,
528 829 638 883 Amen.

10 894 13 1003 i
121 930 222 1008 Quod
236 948 334 1004 nuper
351 933 479 1006 petiisti,
498 950 534 988 cn
550 949 656 990 rerum
673 933 730 1000 eit,
747 933 936 990 consuluisse
953 946 1027 1001 noe,
1048 931 1124 988 reci.
1152 914 1157 923 ’

48 1021 203 1093 etentlunt
225 1038 295 1078 etse
312 1022 450 1092 Οιοιιιί,
472 1032 507 1079 ut
524 1023 670 1094 scriptum
693 1037 759 1079 eece
783 1024 819 1078 ed
841 1038 898 1079 vos
922 1021 1126 1093 significebee:
1155 1094 1158 1102 Ι

36 1129 116 1176 ‚noe
143 1126 221 1168 vero
248 1113 332 1169 nulio
357 1111 450 1168 medo
475 1112 693 1170 consuluimus.
709 1111 736 1178 ¹)
778 1112 837 1169 Sed
860 1113 979 1184 quando
1006 1110 1126 1183 quidem
1160 1175 1161 1179 ,

52 1203 199 1272 tucrum
216 1203 267 1273 qui
282 1201 380 1274 palem
392 1201 544 1270 dicerent,
561 1219 622 1258 non
639 1213 780 1274 oportere
796 1202 957 1272 theologos
968 1199 1021 1257 hic
1036 1201 1128 1257 inter.

53 1308 171 1363 rogere
196 1300 246 1346 eut
261 1308 385 1361 curere,
409 1290 463 1347 ced
480 1291 621 1363 jurittns,
647 1291 697 1365 qui
720 1292 864 1347 dictarent
886 1291 914 1346 id
937 1290 1044 1359 licere,
1068 1306 1125 1362 ego

52 1398 115 1456 pro
126 1397 198 1437 mee
209 1393 290 1453 purte
309 1381 387 1438 dixi:
403 1379 471 1452 Ego
485 1382 618 1438 consulo.
629 1392 663 1439 ut
679 1381 857 1452 theologus:
890 1382 948 1437 Sed
960 1382 984 1437 ei
997 1380 1126 1453 jurietre

54 1479 188 1548 petent
205 1471 313 1527 docere
338 1469 454 1542 legibue
470 1470 552 1540 euie,
578 1471 606 1526 id
631 1470 739 1540 licere,
765 1488 822 1541 ego
840 1471 1049 1544 permitterem
1070 1487 1126 1527 coe

56 1554 126 1620 'ibic
150 1559 265 1630 legibue
289 1559 350 1629 nti,
376 1558 437 1633 ipsi
452 1552 587 1616 viderint.
621 1558 700 1615 Nem
717 1560 743 1615 cl
760 1559 870 1615 Cteser
886 1559 950 1615 hcc
972 1560 1071 1616 rtetuit
1094 1559 1126 1616 in

61 1652 128 1710 cuit
146 1649 280 1722 legibue,
304 1651 382 1706 utin
397 1650 460 1706 boc
477 1666 553 1706 cetu
569 1650 655 1706 liceat
671 1649 728 1708 eibi
744 1649 862 1729 resisti,
888 1650 1014 1720 patietur
1030 1652 1127 1721 legem

60 1759 152 1818 qum
174 1743 293 1811 tulerit,
321 1742 414 1798 modo
438 1759 494 1812 ego
517 1759 579 1819 non
602 1743 758 1798 conculam
782 1750 832 1797 eut
849 1742 986 1812 judicem
1009 1742 1046 1798 de
1070 1742 1127 1798 iste

63 1833 300 1908 ipsulm-sed
317 1827 501 1889 mnneemin
517 1848 583 1888 men
603 1831 764 1903 theologie.

126 1940 197 1996 lloc
213 1956 285 1997 sene
301 1954 409 1995 verum
426 1955 495 1996 esee
512 1937 640 1994 libenter
654 1935 811 2014 concessi,
831 1935 915 2010 quod
930 1935 1076 2009 Princeps
1093 1943 1128 1993 ut

63 2028 213 2102 Princeps
236 2029 274 2085 uit
297 2027 418 2100 politica
436 2044 582 2101 perenne,
607 2036 636 2083 et
655 2024 701 2084 cic
725 2043 815 2096 egene
831 2042 892 2082 non
915 2027 973 2096 egit
997 2036 1030 2081 ut
1045 2025 1128 2082 chri.

63 2120 200 2188 menne,
225 2118 275 2192 qui
293 2135 351 2174 nec
369 2127 417 2174 eet
430 2116 595 2190 Princeps,
621 2134 678 2172 nec
694 2109 866 2185 meiculue,
890 2134 948 2171 nec
968 2116 1128 2189 quicquum

63 2209 92 2264 in
117 2209 234 2264 mundo
258 2222 465 2281 personarum.
509 2207 536 2261 Si
563 2206 649 2277 igitur
670 2202 803 2279 Principi
828 2216 860 2261 ut
883 2206 1017 2279 Principi
1042 2206 1129 2264 liceat

62 2299 206 2354 mittere
224 2297 360 2366 curem,
383 2297 502 2351 illorum
519 2295 558 2350 sit
580 2305 610 2349 et
622 2294 726 2366 judicii
746 2305 776 2351 et
794 2296 1007 2352 conscientiae.
1041 2294 1129 2351 Chri.

62 2389 160 2444 ιιίιιιο
176 2381 260 2444 certe
276 2385 351 2447 nihil
368 2382 457 2453 licet,
484 2393 517 2440 ut
534 2374 587 2458 qui
604 2387 714 2442 mundo
740 2387 779 2442 eit
794 2390 943 2452 mortuus.
976 2385 1128 2442 Hactenus

64 2489 164 2534 ectum
183 2489 249 2547 eet,
267 2489 297 2534 et
313 2486 427 2533 tantum
445 2475 557 2549 poterin
574 2476 708 2533 Domino
726 2477 842 2533 Lazaro
859 2477 988 2533 indicere
1009 2475 1046 2531 de
1062 2492 1130 2546 rpee

64 2569 222 2625 sententie.
256 2566 436 2641 Quanquam
456 2583 512 2635 ego
529 2567 663 2634 videam,
689 2567 776 2621 etium
793 2567 819 2622 ei
836 2581 892 2622 noe
910 2565 1036 2623 summis
1059 2565 1129 2624 viri.

62 2659 120 2716 bue
138 2658 387 2723 reclamaremus,
410 2666 508 2711 tamen
536 2671 590 2711 eos
609 2656 653 2710 sic
673 2655 807 2715 iirtnnsee
833 2655 981 2723 animum,
1006 2666 1038 2710 ut
1054 2655 1129 2711 resi.

66 2761 144 2806 stere
167 2747 264 2817 velint
284 2764 321 2803 nc
344 2747 436 2817 fugari
463 2746 571 2814 nolint,
598 2745 706 2801 frustra
722 2762 771 2800 me
795 2746 1000 2816 praedicente,
1024 2745 1129 2802 Deum

63 2840 151 2896 nobis
169 2838 326 2894 affuturum
344 2853 433 2912 esse,
457 2846 489 2891 ut
506 2837 648 2892 resistere
665 2852 725 2891 non
743 2835 783 2891 tit
803 2851 891 2907 opus.
924 2835 1006 2891 Sicut
1022 2853 1129 2892 revere

67 2931 167 2998 edent,
192 2929 242 3001 qui
259 2931 305 2994 pic
329 2927 387 2983 ista
410 2927 529 2982 comitia
552 2927 633 2981 irrita
656 2925 744 2994 iecit,
768 2938 801 2981 ut
825 2925 922 2980 adhuc
941 2925 1031 2981 hodie
1054 2927 1128 2983 nihil

68 3019 217 3083 tentarint.
252 3018 344 3073 idem
356 3027 517 3091 praestaret
535 3016 622 3072 Deus
644 3015 674 3072 in
697 3028 865 3088 posterum.
899 3016 956 3071 Sed
979 3034 1039 3072 non
1063 3034 1128 3074 om.

66 3109 147 3165 nium
165 3118 211 3164 est
228 3106 313 3162 fider.
347 3105 436 3160 Solor
451 3115 549 3161 tamen
565 3121 614 3160 me
632 3104 749 3177 ipsum,
773 3105 854 3176 quod
872 3105 897 3161 ei
915 3107 1037 3162 omuino
1055 3123 1129 3164 con.

67 3199 165 3255 tilium
182 3206 319 3253 nostrum
338 3198 397 3250 n'on
415 3194 585 3263 admittant,
612 3196 709 3249 minut
731 3209 785 3250 eos
803 3210 948 3266 peccare,
971 3206 1020 3251 eut
1036 3197 1129 3254 tutius
1178 3205 1182 3212 '

66 3282 170 3359 ugeress
187 3287 213 3343 ei
231 3286 310 3341 civili
324 3286 393 3356 jure
412 3285 541 3356 egerint,
560 3300 649 3354 quam
664 3285 690 3341 ei
708 3300 834 3356 proteus
846 3295 950 3342 contre
968 3286 1127 3344 conscien.
1188 3298 1190 3304 ·

66 3380 136 3436 tiam
154 3389 183 3434 et
201 3387 281 3432 certe
298 3377 450 3431 voluntate
468 3386 570 3429 contra
588 3373 752 3444 Scripturas
772 3375 894 3444 egerint.
930 3376 1052 3432 Interim
1069 3378 1125 3451 ipsi

66 3460 212 3535 credunt,
235 3483 292 3521 nec
316 3456 417 3521 contre
436 3463 599 3534 Scripturas
622 3479 691 3519 sese
715 3481 819 3533 cgere,
846 3464 915 3518 dum
938 3483 998 3520 non
1020 3477 1125 3524 contre

62 3559 112 3629 jus
131 3557 220 3612 civile
238 3565 335 3625 agunt.
369 3551 417 3626 &t
435 3550 479 3615 iti
497 3551 535 3616 td
552 3549 584 3615 iit
602 3551 716 3616 mutbtu.
750 3551 817 3621 Ego
835 3568 902 3608 eum
919 3553 1004 3610 liber.
1089 3571 1097 3586 ⁴

130 3664 229 3718 Saluta
245 3661 287 3717 D.
301 3661 495 3732 Speuglerum
514 3669 542 3712 et
560 3657 674 3714 amicos
690 3667 821 3714 vestros.
856 3658 1004 3715 Morbum
1019 3661 1124 3734 capitit
1143 3712 1150 3728 ,
1167 3636 1172 3645 1

66 3751 224 3821 coburgee
242 3760 431 3805 contractum
447 3765 463 3803 e
479 3747 573 3804 veteri
585 3748 655 3802 vino
673 3747 806 3802 nondum
818 3746 891 3803 vicit
903 3749 1046 3807 cerevisia
1060 3751 1126 3812 wi.

115 3993 137 4043 l)
156 3989 223 4044 brit.
239 3987 393 4036 consulimur.
