2586 4696
541 332 632 407 1530.
1076 329 1115 396 ts

52 485 183 555 uilem,
207 494 238 542 et
253 485 307 544 ribi
329 503 408 562 opus
430 497 523 545 esser.
555 490 623 546 Urit
639 507 688 545 me
704 506 827 564 quoque
848 504 936 563 saepe
952 498 1061 544 ventus
1086 495 1117 541 et

53 590 175 646 aestas,
199 589 233 633 ut
256 579 359 634 similis
383 580 441 634 sim
466 581 578 649 regioni
596 581 669 636 huic
686 582 921 637 nostrnearenti
946 591 974 635 et
997 576 1117 634 sitienti.

53 669 112 724 Sed
130 679 164 724 tu
180 669 267 736 vide,
281 679 319 738 ut
335 669 364 724 io
382 671 504 726 Christo
521 672 691 735 roboreris,
709 673 794 742 cujus
812 687 888 743 opus
906 682 935 727 et
950 669 1117 737 artificium,

55 758 117 815 imo
133 769 234 814 toturn
251 760 318 829 ejus
335 776 460 828 regnum
479 771 538 828 est,
562 772 594 815 ut
617 761 647 816 in
665 772 765 816 nostra
789 760 955 816 infinnitste
972 753 1067 815 virtus
1087 767 1119 812 et

39 847 185 903 -sictonu
201 858 330 903 crescat.
364 847 524 904 Laetantur
539 848 637 922 impii,
655 851 754 905 securi
767 861 855 916 sunt,
871 851 984 922 spirant
995 862 1118 922 quoque

54 937 152 993 minas
176 946 209 993 et
227 937 354 1005 caedes,
379 953 434 992 nos
457 937 571 992 interim
588 939 733 1010 patiamur
754 949 784 993 et
805 939 969 994 tristemur.
986 940 1017 1006 1)
1049 938 1119 992 Ηοο

55 1038 154 1083 torum
170 1027 219 1083 sic
235 1027 302 1082 fieri
318 1037 454 1098 oportet,
472 1038 505 1082 ut
522 1029 609 1082 eriam
628 1029 657 1083 in
674 1040 778 1083 nostro
795 1045 924 1099 corpore
941 1027 1119 1101 impleantur

55 1117 248 1188 scripturae,
275 1133 350 1188 quse
374 1115 430 1170 nisi
454 1117 646 1189 impleantur,
671 1133 728 1173 nos
745 1118 818 1173 salvi
845 1134 914 1172 esse
932 1135 993 1172 non
1011 1131 1120 1189 passu.

54 1223 137 1264 must
164 1207 276 1262 stillis
300 1207 446 1278 impletis,
471 1223 526 1261 nos
548 1205 697 1262 vivemus.
736 1207 809 1263 Non
831 1218 862 1262 ru
883 1209 966 1262 solus
990 1207 1120 1279 pateris,

54 1297 106 1353 ssd
131 1296 233 1354 habes
256 1296 380 1363 socios,
406 1296 456 1366 qui
479 1306 510 1350 et
534 1296 589 1365 ipsi
612 1311 704 1368 paene
727 1297 797 1352 lessi
821 1297 957 1367 patiendo
978 1306 1121 1366 gemunt,

56 1374 135 1443 sicut
153 1401 232 1442 oves
248 1385 412 1441 occisionis
430 1395 610 1457 reputamur.
644 1384 704 1455 8ῆο
721 1387 781 1449 lud)
798 1386 827 1453 ²)
847 1386 911 1444 citet
929 1386 1041 1448 drittun
1059 1385 1123 1443 clud

54 1478 118 1536 tlt!
135 1477 188 1534 lud
204 1479 307 1537 sala.
330 1476 400 1549 quis
416 1492 477 1530 non
493 1477 628 1546 fatigatur
645 1494 742 1548 neque
760 1478 887 1546 dormit,
913 1478 963 1549 qui
980 1494 1037 1533 nos
1057 1476 1124 1533 odit

56 1577 84 1622 et
95 1569 307 1639 persequitur.
340 1565 460 1620 Deinde
478 1574 510 1619 tu
521 1565 613 1620 multu
626 1565 718 1621 habes
733 1566 920 1633 niaximsque
933 1567 1028 1635 dona,
1045 1581 1123 1637 quse

56 1657 126 1712 lsuic
150 1656 205 1710 uni
232 1656 313 1709 malo
336 1668 487 1726 opponas,
511 1654 536 1708 si
560 1664 671 1709 tantum
698 1655 857 1727 ponderes.
874 1651 904 1722 ³)
939 1655 1023 1710 inter
1048 1670 1124 1727 quas

56 1746 144 1816 iliud,
161 1745 249 1819 quod
262 1745 412 1816 Scriptura
423 1744 587 1799 maximum
603 1761 671 1802 esse
683 1745 847 1818 praedicat,
865 1743 982 1801 diceos':
1002 1744 1125 1800 Gratia

58 1822 156 1909 super
170 1835 325 1910 qratiam
341 1833 458 1888 mulier
476 1834 659 1906 pudorata,
683 1841 714 1888 et
729 1850 795 1889 non
819 1841 867 1888 est
885 1835 988 1909 diana
1002 1835 1127 1906 ponde.

64 1925 149 1982 ratio
162 1924 363 1983 continentis
379 1923 525 1978 animae:
549 1934 579 1979 et
596 1924 769 1998 Conjuqem
785 1923 930 1993 sedulam
946 1925 1019 2000 pais
1039 1925 1132 1980 inve.

68 2016 128 2084 nit,
148 2031 188 2070 ea
210 2019 366 2087 praestat
386 2013 520 2087 qsmmis
537 2023 597 2067 eto.
632 2007 701 2068 Nec
724 2024 755 2065 tu
779 2014 865 2068 etiam
883 2013 957 2068 velis
982 2013 1126 2084 exemplo

66 2107 201 2178 epulonis
219 2115 302 2160 torus
320 2119 387 2158 esse
404 2103 434 2157 in
450 2102 620 2174 voluptate,
638 2112 667 2156 et
682 2103 761 2157 nulla
779 2119 905 2175 prorsus
921 2116 1004 2176 parte
1021 2104 1127 2163 similis

61 2212 130 2254 esse
155 2194 298 2250 fratribus
316 2192 447 2261 Christi,
472 2193 523 2262 qui
548 2208 603 2263 per
619 2193 726 2248 multas
751 2193 956 2248 tribulationes
979 2194 1129 2250 violenter

60 2286 181 2358 rapiunt
197 2299 325 2353 mgnum
335 2282 407 2338 Dei.
441 2280 544 2355 Quare
562 2291 591 2334 te
608 2297 682 2350 oro,
698 2291 732 2336 ut
748 2281 932 2352 disciplinam
944 2283 1022 2337 hanc
1038 2283 1129 2356 patris

59 2377 230 2449 prudenter
246 2376 336 2428 ieras.
371 2371 429 2427 Est
445 2372 523 2425 enim
542 2383 658 2440 tempus
679 2371 824 2440 laetandi,
849 2383 896 2428 est
913 2384 1032 2445 tempus
1051 2388 1129 2444 quo.

60 2485 121 2540 que
138 2465 276 2536 lugendi:
301 2464 424 2517 alterum
447 2459 576 2514 libenter
599 2460 777 2533 accipimus,
802 2461 855 2516 sed
873 2461 936 2517 hoc
960 2463 1047 2517 etiam
1066 2479 1129 2518 non

62 2573 108 2612 est
135 2555 352 2628 repellendum.
386 2552 539 2607 Dominus
561 2550 670 2620 Jesus,
696 2552 746 2623 qui
773 2551 894 2604 filiolum
921 2562 1006 2605 tuum
1032 2551 1066 2604 ad
1093 2567 1128 2607 se

64 2650 199 2719 recepit,
230 2646 337 2698 melius
363 2657 516 2696 curaturus
542 2657 631 2711 quam
656 2651 704 2710 tu,
735 2653 765 2695 te
792 2642 905 2695 soletur
931 2650 961 2694 et
987 2642 1127 2710 roboret,

71 2744 173 2793 Amen.
209 2726 262 2790 Ex
280 2751 372 2805 reguo
389 2731 638 2799 Monedularum,
658 2734 698 2791 19.
716 2723 747 2795 ⁴)
764 2730 862 2807 Maji,
879 2729 1045 2787 MDXXX.

660 2873 662 2878 ·
762 2849 912 2909 Martinus
928 2853 1093 2910 Lutherus.

96 3252 140 3305 so.
159 3244 253 3312 mn
863 3239 921 3296 Nl.
939 3240 1094 3298 Mccxv.
1122 3186 1125 3191 Ι

310 3388 638 3467 subtantialiter
661 3387 882 3472 &stannes
1064 3366 1069 3379 '

117 3558 143 3606 e.
157 3553 228 3602 lonlt
241 3550 280 3602 tltr
290 3550 463 3602 daedalum
474 3552 512 3601 stt
522 3550 670 3602 §assistent
684 3551 761 3596 aortn
770 3551 819 3602 tint
829 3550 898 3599 lister
908 3550 967 3601 trine
978 3548 1129 3602 tuetlnndmt

70 3640 100 3677 n
111 3631 201 3682 mitens
214 3622 328 3678 Mosen
342 3626 433 3676 uerrunt
446 3625 523 3674 aaut.
538 3624 584 3669 uns
597 3623 674 3675 uiuet
688 3623 728 3675 ttn
741 3631 819 3676 toturn
833 3623 916 3675 uentu.
936 3624 988 3668 unt
1001 3632 1025 3666 a·
1039 3621 1077 3671 tiit·
1089 3619 1131 3668 tui

71 3703 233 3756 mansellum
246 3710 273 3753 ru
287 3700 361 3744 trtlru
375 3700 447 3750 natu.

119 3943 141 3992 t)
155 3935 254 3983 Auris.
268 3933 373 3993 patimur
387 3935 413 3978 et
423 3931 552 3978 tristamur.
590 3932 613 3980 2)
627 3928 721 3978 durii.
736 3931 827 3979 lnttttts.
864 3931 888 3988 3)
901 3930 988 3976 dudd.
1003 3928 1132 3987 ponderas.

71 4015 95 4063 l)
115 4011 247 4059 Coela
344 4036 350 4046 ι
