2586 4696
568 343 658 413 lm
1082 341 1140 406 Μ

81 449 232 554 Gratiam
255 505 286 554 et
306 494 414 573 pacem
435 497 464 555 in
488 498 622 557 Christo.
656 498 768 557 Laetus
789 499 847 570 legi
870 508 935 556 tuas
959 480 1079 566 literas,
1099 497 1142 556 mi

76 588 176 658 dona,
195 587 309 661 quibus
327 589 490 661 significes,
512 605 540 646 te
557 594 628 647 satis
644 588 731 646 firmo
751 592 849 646 animo
868 607 974 646 causae
991 590 1063 644 huic
1080 605 1143 644 uon

75 676 231 746 diffidere,
258 687 289 734 et
311 690 358 735 est
374 680 460 752 plane
476 679 537 735 hoc
553 679 615 735 Dei
638 681 768 749 douum,
793 681 926 736 testantis
951 696 1020 734 sese
1043 678 1143 733 adhuo
1171 663 1178 683 ¹

75 765 241 823 vobiscum
263 783 341 823 esse.
374 767 530 825 Discimus
553 785 632 825 nunc
654 787 688 824 re
711 770 791 841 ipsa,
816 770 885 841 quid
906 767 944 824 ait
960 769 1079 840 justum
1101 781 1143 826 ex

71 855 128 913 ide
151 859 264 913 vivere
287 867 318 913 et
342 855 398 914 lide
421 859 494 915 sola.
530 857 611 914 Nam
633 859 706 932 quid
723 859 787 931 jam
808 860 955 932 reliquum
977 857 1142 928 estnobis,

71 964 133 1019 quo
151 946 359 1007 subsistamus
384 958 412 1003 et
427 948 581 1018 vivamus,
603 949 660 1004 nisi
684 951 769 1005 unica
786 947 877 1020 fides,
902 950 1022 1023 quando
1043 948 1143 1005 omnia

69 1048 178 1094 nostra
197 1054 293 1111 opera
309 1048 340 1094 et
356 1038 447 1093 verba
464 1039 510 1094 sic
525 1040 635 1095 misere
650 1038 884 1108 mortificantur,
908 1049 940 1094 ut
956 1056 1017 1094 non
1042 1039 1143 1095 solum

70 1129 161 1183 tantis
174 1127 345 1194 beneficiis,
361 1127 469 1200 quibus
483 1129 625 1183 mundum
634 1127 781 1199 juvimus,
798 1146 860 1184 non
871 1140 1041 1183 mereamur
1052 1127 1143 1196 ullam

69 1218 218 1288 gutiam,
236 1217 291 1273 sed
314 1227 344 1271 et
367 1219 464 1273 omnia
489 1219 564 1273 mala
588 1228 645 1290 pro
672 1217 811 1274 omnibus
837 1217 926 1274 bonis
951 1217 1142 1291 recipiamus.

70 1308 148 1374 Ubi,
173 1307 201 1363 si
227 1305 368 1378 operibus
392 1307 579 1376 viveremus,
605 1307 654 1364 ubi
676 1310 739 1379 jam
764 1318 844 1363 esset
865 1309 925 1364 vita
942 1310 1066 1364 nostra?
1101 1310 1143 1364 At

70 1398 162 1452 idem
189 1395 231 1452 illi
255 1412 317 1451 nou
340 1396 386 1452 sio
410 1397 581 1469 oppriment
601 1415 700 1470 neque
725 1397 878 1466 occident,
904 1415 961 1469 qua
984 1409 1141 1468 regnante,

69 1489 129 1543 rita
144 1485 310 1553 vivemus,
334 1496 363 1541 et
378 1498 438 1541 uon
455 1487 636 1554 moriemur,
657 1487 725 1559 quia
742 1486 888 1557 verbum,
905 1486 954 1542 cui
971 1488 1140 1558 credimus,

69 1577 142 1633 risit
165 1575 200 1631 in
218 1585 391 1646 aeternum,
415 1586 445 1632 et
469 1575 541 1632 dicit
561 1577 662 1633 nobis:
688 1577 763 1650 qu
786 1577 870 1646 rivo,
893 1585 922 1633 et
938 1595 993 1634 vos
1015 1578 1140 1646 vivetis,

69 1668 137 1740 quia
154 1665 230 1722 vira
252 1664 379 1739 inipso
402 1673 465 1736 ert,
491 1672 522 1722 et
545 1667 611 1722 aito
636 1674 683 1722 est
706 1667 768 1722 lux
790 1667 964 1724 hominum.
998 1667 1140 1724 Arbitror

71 1773 159 1826 sarie,
181 1771 306 1812 oausam
321 1755 400 1812 hanc
417 1756 551 1826 interim,
569 1758 639 1811 dum
655 1757 718 1811 hoc
735 1757 855 1825 scribo,
877 1759 911 1812 ad
930 1758 1055 1829 epitasin
1072 1776 1142 1832 per.

70 1846 212 1914 venisse,
231 1855 264 1899 et
274 1844 336 1900 dira
351 1846 448 1900 omnia
459 1846 601 1902 minatum
616 1861 685 1901 esse
696 1846 873 1915 Caesarem,
892 1847 937 1914 (id
953 1849 1011 1914 est)
1023 1862 1140 1921 vosque

71 1952 201 2008 agonem
219 1950 341 1990 summo
358 1934 492 2006 periculo
510 1935 699 1991 sustinuisse.
733 1938 833 2006 Atque
850 1936 959 1991 utinam
976 1937 1139 2008 affuissem,

72 2039 260 2099 quamquam
277 2039 396 2079 revera
414 2041 474 2079 non
497 2022 602 2082 absim.
638 2024 720 2100 Quin
739 2025 824 2079 Satan
847 2025 909 2097 ipse
927 2025 998 2082 inihi
1015 2027 1072 2082 tale
1089 2027 1140 2084 dat

70 2115 187 2172 buum
199 2131 291 2170 mane
307 2113 482 2186 aliquoties,
498 2123 532 2169 ut
546 2113 647 2168 malim
665 2126 742 2169 totas
761 2125 865 2170 noctes
881 2118 972 2173 ferre.
1005 2115 1142 2181 waslare

71 2201 1137 2277 mmmmmmwwmwwfflmm

70 2314 125 2353 uos
143 2296 204 2352 nisi
222 2310 296 2350 vasa
312 2293 424 2350 lictilia:
449 2295 493 2352 brt
511 2290 582 2358 belli
599 2298 653 2351 uai
669 2292 749 2359 autur
770 2307 803 2350 ut
820 2297 951 2369 potentia
969 2298 1033 2370 ejus
1050 2300 1140 2370 glori.

71 2385 180 2443 ficetur
201 2385 233 2440 in
260 2395 362 2440 nostra
387 2381 562 2438 infirmitate.
596 2383 665 2454 lpse
691 2366 807 2456 coepti,
833 2386 896 2458 ipse
916 2388 1067 2459 perficiat,
1092 2390 1140 2445 sis

72 2477 130 2532 itur
146 2474 185 2532 sd
201 2486 294 2530 astra.
328 2473 433 2528 Macte
449 2490 525 2546 puer
540 2473 664 2528 virtute!
699 2471 764 2533 bist
779 2473 868 2540 wdltt
885 2475 969 2539 land)
987 2482 1044 2535 wal
1061 2467 1140 2538 malt

77 2567 139 2624 altr
155 2563 255 2633 liniti
272 2564 362 2621 witti
397 2560 457 2632 lpsi
475 2572 653 2632 negaverunt
670 2563 770 2618 Deum
789 2574 892 2619 contra
910 2566 1038 2637 primum
1055 2584 1151 2640 prae.‚

79 2668 209 2724 ceptum:
234 2652 479 2724 blasphemarunt
496 2669 606 2707 nornen
623 2652 683 2708 Dei
701 2665 804 2708 contra
826 2656 1008 2725 secundum,
1032 2674 1139 2713 corru-

78 2756 184 2818 perunt
197 2744 324 2800 verbum
348 2743 413 2813 ejus
430 2753 533 2796 contra
549 2742 686 2809 tertium,
710 2744 966 2800 conculcaverunt
983 2748 1140 2803 aaactorita.

76 2848 140 2890 tem
165 2846 318 2906 parentum
344 2843 375 2887 et
391 2832 612 2902 magistratuum
631 2843 735 2886 contra
761 2845 914 2904 quartum,
941 2837 1083 2894 occidunt
1107 2848 1139 2897 et

72 2925 152 2981 bella
169 2937 277 2996 gerunt
295 2934 398 2979 contra
415 2923 562 2993 quintum.
597 2920 678 2995 Quid
696 2922 793 2976 dicam
811 2925 846 2978 de
872 2928 982 2983 sexto?
1017 2927 1052 2983 ln
1069 2946 1138 3002 sep.

71 3017 146 3070 timo
164 3025 236 3070 sunt
253 3014 351 3068 fures:
377 3012 405 3065 in
424 3021 533 3065 octavo
550 3010 767 3065 criminatores.
800 3010 841 3067 Et
856 3014 926 3085 quid
944 3032 1004 3072 non
1030 3019 1137 3090 turpis.

71 3107 147 3162 sime
167 3112 258 3175 agunt
274 3113 305 3157 et
321 3101 445 3157 dicunt?
479 3100 574 3171 Super
589 3099 666 3153 haec
683 3115 738 3154 nos
763 3099 929 3158 haereticos
947 3105 1084 3162 damnant
1100 3108 1137 3162 ad

71 3197 242 3261 internum,
261 3203 290 3246 et
307 3191 457 3262 postulant
472 3189 583 3244 horum
601 3189 732 3243 omnium
751 3193 976 3259 possessorium
998 3196 1137 3266 anobis,

70 3287 191 3342 scilicet
214 3291 249 3337 ut
274 3282 327 3336 ista
350 3281 450 3336 omnia
473 3280 646 3346 adoremus,
665 3280 884 3351 justificemus,
911 3283 1083 3354 laudemus,
1107 3298 1138 3342 et

70 3389 178 3433 nostra
202 3371 351 3427 centuria
375 3371 566 3436 damnemus,
590 3368 626 3423 ita
651 3381 684 3424 ut
703 3386 740 3424 ne
764 3372 824 3442 pilo
841 3373 962 3444 quidem
986 3375 1025 3430 illi
1049 3376 1137 3435 nobis

70 3465 243 3530 cesserint,
259 3476 315 3517 nos
327 3460 427 3515 omnia
440 3459 483 3515 eis
496 3460 691 3514 cesserimus:
710 3458 816 3525 ltrtnbt
830 3462 900 3526 nitbt
914 3462 984 3527 stlat
995 3465 1137 3530 (destitui

72 3558 124 3630 qui
138 3569 198 3610 nos
210 3551 304 3609 velint
319 3549 425 3605 talibus
439 3548 605 3621 participari
620 3559 650 3604 et
662 3549 748 3605 obrui
762 3552 907 3622 portentis
920 3552 1138 3615 horrendarum

69 3645 210 3700 caedium
227 3642 257 3696 iu
274 3638 390 3695 infinitis
407 3637 579 3707 animabus,
598 3637 794 3710 corporibus,
813 3639 921 3709 rebus,
940 3641 1051 3698 Christi
1070 3661 1138 3699 san.

71 3735 163 3806 guise
180 3729 337 3797 redemtis,
350 3736 585 3800 perpetratarum
597 3734 627 3781 et
637 3728 910 3797 perpetrandamrn.
944 3730 1035 3785 Plane
1049 3736 1136 3790 satan

70 3824 192 3878 ridetur
201 3819 277 3877 mihi
290 3816 379 3878 linem
390 3832 479 3871 suum
489 3816 608 3883 videre,
625 3826 656 3870 et
666 3832 735 3887 pras
751 3818 855 3872 lurore
872 3817 1033 3879 incredibili
1047 3821 1134 3879 uobis

72 3917 207 3971 ultimam
224 3923 255 3967 et
270 3910 434 3983 perlectum
450 3907 602 3963 stultitiam
614 3920 698 3961 suam
715 3907 744 3962 iu
762 3908 820 3963 isto
833 3909 999 3965 novissimo
1016 3909 1136 3969 theatro

74 4003 265 4079 spectandam
281 3997 422 4073 prodere.
456 3995 536 4073 Quis
561 3995 639 4052 enim
654 4011 716 4052 non
733 3996 860 4054 libenter
875 3998 967 4058 vitam
985 4006 1135 4076 exponat?
