2586 4696
192 272 258 344 242
676 278 767 346 esst.

166 432 177 447 ”
260 433 354 492 Nosti
379 433 483 515 igitur,
509 445 538 506 te
560 451 629 515 esse
655 433 990 509 pastoremEcclesiae
1015 435 1249 493 Zwiccasiensis

191 535 350 591 uocatum,
374 525 539 596 legitimum
562 537 592 582 et
615 536 817 599 acceptatum,
843 528 881 583 ita
903 538 936 582 nt
955 529 991 581 in.
1001 542 1139 581 extremo
1158 526 1205 580 die
1220 523 1249 592 ¹)

189 615 361 670 redditurus
389 616 430 670 sis
458 618 602 672 rationem
630 626 686 689 pro
712 617 767 671 ista
792 617 848 672 tibi
872 618 1079 672 commendata·
1101 616 1250 670 Ecclesia.

189 703 285 759 §intui
302 703 332 759 in
350 703 407 763 hac
423 705 483 760 vita
499 722 555 778 pro
573 722 607 760 ea
624 722 727 775 orare,
745 722 869 775 curare,
885 707 1025 775 vigilare,
1044 716 1073 761 et
1089 706 1179 760 vitam
1192 721 1249 776 pro

189 809 227 847 ea
244 793 273 848 in
284 789 371 849 ‘omni
388 795 523 867 periculo
540 795 632 868 pestis
650 805 681 851 et
697 796 823 850 aliorum
837 797 1013 851 morborum
1025 795 1143 866 cogeris
1156 811 1251 865 expo.

189 887 284 951 ltere,
310 895 339 939 et
363 900 419 955 pro
443 885 485 940 eis
506 886 537 940 in
553 886 616 939 acie
633 895 737 940 contra
753 897 853 957 portas
872 887 958 942 inseri
981 895 1079 956 stare,
1107 897 1135 942 et
1152 886 1251 942 omnia

189 987 268 1046 quae
284 971 428 1046 Episcopi
445 988 532 1043 sunt,
559 977 675 1043 iacere,
700 976 778 1030 terre
795 986 825 1030 et
846 976 923 1048 pati,
948 992 1112 1046 quassans
1130 975 1250 1045 grandia

190 1073 261 1117 suut
278 1063 376 1117 omnia
393 1075 423 1119 et
439 1063 539 1122 divina
548 1104 559 1134 ,
570 1065 600 1132 ²)
617 1081 694 1138 quae
712 1075 743 1121 et
757 1064 903 1122 hactenus
916 1067 1073 1138 implevisti
1088 1062 1251 1132 fidelitar³)

189 1161 223 1206 et
239 1151 406 1208 sinceriter.
628 1146 631 1156 ’

189 1266 194 1279 ·
255 1241 346 1298 Nunc
373 1258 449 1300 vero
475 1259 545 1299 cum
562 1243 696 1317 Senatus
709 1253 812 1300 vester
833 1244 911 1300 malo
929 1244 1074 1303 daemone
1093 1244 1247 1312 incitatus,

188 1331 426 1403 praedicatorem
448 1340 569 1390 sanctae
586 1333 764 1390 catharinae
787 1335 931 1406 ejecerit,
956 1351 1053 1406 neque
1077 1344 1272 1388 accusatura

189 1436 289 1491 neque
307 1421 480 1478 convictum
498 1437 602 1478 coram
618 1423 682 1477 uilo
693 1423 812 1492 judice,
834 1420 887 1478 sed
904 1424 1049 1478 temerarii
1067 1433 1096 1477 et
1114 1422 1248 1492 sacrilegi

188 1508 219 1564 vi
237 1511 356 1581 propria
373 1510 462 1566 simul
478 1522 509 1565 ut
524 1499 594 1588 p'a'rs
610 1522 641 1567 et
652 1512 790 1583 judex-in
805 1512 909 1584 eadem
921 1528 1008 1566 causa
1022 1511 1207 1566 insanierint:
1219 1503 1249 1576 ⁴)

188 1607 274 1654 tuum
299 1610 345 1656 est
370 1616 431 1655 non
456 1611 575 1669 tacere,
596 1617 695 1673 neque
716 1603 901 1666 consentire,
926 1619 964 1657 ue
991 1602 1137 1671 sacrilegii
1163 1603 1248 1657 istius

190 1689 275 1745 alieni
295 1691 444 1762 particeps
462 1692 533 1759 lias,
552 1702 581 1746 et
598 1693 684 1747 cadat
700 1707 791 1764 super
807 1703 834 1744 te
852 1691 951 1746 fratris
968 1691 1085 1763 expulsi
1096 1702 1155 1745 tam
1166 1691 1250 1760 igno.

189 1781 316 1835 miniosa
329 1781 456 1851 injuria.=
477 1782 505 1837 Si
517 1781 621 1850 dignus
637 1782 741 1836 fuisset
753 1781 919 1851 ejectione,
938 1783 1071 1854 oportuit
1084 1798 1153 1836 eum
1165 1781 1250 1852 jure,

190 1881 222 1927 et
233 1880 262 1925 te
275 1881 395 1942 pastore
408 1881 610 1942 cooperante,
629 1872 737 1942 deponi
750 1883 781 1926 et
795 1871 872 1942 ejici.
906 1870 962 1926 Sed
973 1871 1036 1927 hoc
1047 1873 1136 1942 longe
1150 1873 1248 1944 pejus,

190 1961 272 2032 quod
290 1961 376 2014 aliurn
394 1960 542 2016 inlocum
560 1961 642 2031 ejus,
659 1970 686 2013 te
703 1969 821 2032 pastore
839 1961 1008 2016 inconsulto
1021 1974 1051 2016 et
1065 1963 1180 2031 invito,
1193 1979 1248 2033 per

190 2051 319 2106 similem
336 2051 399 2104 vim
414 2060 444 2104 et
461 2049 594 2120 injuriam
612 2049 662 2105 tibi
682 2051 790 2105 illatam
806 2051 997 2108 intruserunt.
1031 2052 1188 2120 Hieram,
1206 2054 1248 2107 mi

189 2138 333 2207 Nicone,
350 2153 426 2208 rogo
442 2149 472 2194 te
489 2156 544 2212 per
560 2140 731 2208 Christum,
756 2141 807 2195 tibi
825 2141 975 2213 prospice.
1009 2142 1098 2197 Certe
1117 2159 1165 2198 res
1183 2159 1245 2197 non

190 2239 241 2286 cst
252 2246 351 2301 parva.
385 2229 539 2299 Hicvide,
557 2246 595 2284 ne
613 2240 642 2284 te
653 2229 799 2300 sacrilegii
812 2231 898 2286 istius
910 2225 940 2298 ⁵)
958 2232 1130 2304 participem
1146 2232 1248 2299 iacias,

191 2329 220 2374 et
238 2320 333 2391 aliqua
351 2317 566 2374 maledictionis
584 2329 665 2390 parte
682 2319 864 2391 corripiaris.
899 2320 1027 2394 Quaeris
1052 2322 1120 2392 quid
1139 2323 1248 2378 facias?

190 2406 258 2479 Ego
276 2424 389 2479 pauper
405 2407 619 2475 consiliorum,
640 2415 738 2464 tamen
755 2395 793 2462 ita
811 2410 948 2465 consulo.
965 2404 993 2475 ⁶)
1027 2411 1075 2464 Sic
1095 2412 1173 2465 enirn
1191 2428 1248 2481 ego

191 2501 334 2575 lacerem.
368 2497 504 2554 Primum
522 2497 610 2553 istum
629 2497 776 2552 intrusum
794 2508 822 2552 et
837 2516 897 2553 non
915 2511 1053 2554 vocatum
1065 2502 1249 2573 praedicato.

188 2606 255 2646 rem
273 2590 307 2643 ad
326 2601 354 2643 te
373 2598 402 2643 at
419 2588 571 2642 ministros
589 2588 662 2642 alios
679 2588 803 2642 vocabis
814 2628 824 2656 ,
850 2599 879 2642 et
898 2589 925 2644 ei
944 2607 1093 2662 proponas
1112 2593 1248 2648 modeste

191 2689 222 2736 et
238 2681 366 2751 graviter
389 2678 468 2734 istud
492 2677 678 2747 sacrilegium
703 2687 732 2731 et
757 2677 893 2748 iujuriam
918 2677 1050 2736 Senatus.
1087 2683 1203 2736 Deinde
1222 2683 1249 2737 ei

189 2771 365 2837 denunties,
383 2766 464 2841 quod
481 2784 542 2822 non
559 2768 597 2822 sit
613 2779 739 2822 vocatus
757 2780 874 2838 perte,
901 2770 953 2823 aed
971 2771 1048 2824 sicut
1064 2771 1111 2825 fur
1127 2782 1156 2827 et
1173 2772 1249 2828 latro

155 2896 157 2900 ,
189 2866 307 2915 uenerit
324 2860 398 2913 etin
415 2869 464 2912 tua
480 2856 621 2912 Ecclesia
637 2858 743 2911 doceat
760 2867 790 2910 et
807 2868 904 2926 regat,
931 2875 985 2929 pro
1013 2876 1070 2929 qua
1095 2870 1194 2917 tamen
1216 2872 1248 2917 tu

189 2951 306 3019 cogaris
333 2949 456 3003 reddere
482 2948 637 3002 rationem.
671 2946 748 3001 Sciat
772 2946 859 3015 igitur
883 2963 1008 3003 seesae
1033 2951 1200 3006 invasorem
1219 2962 1250 3009 et

191 3051 345 3110 raptorem
363 3037 404 3092 tui
423 3035 578 3108 pastoralis
596 3034 683 3090 officii
694 3076 703 3104 ‚
721 3045 750 3089 te
769 3036 888 3091 uolente
907 3049 935 3094 et
953 3055 1012 3093 aron
1033 3044 1247 3097 consentiente.

192 3127 312 3185 Idcirco
328 3141 450 3181 moneas
468 3140 553 3191 eum,
570 3116 600 3189 7)
618 3134 649 3179 ut
666 3123 702 3178 ab
720 3124 774 3178 ista
793 3127 892 3195 rapina
910 3125 1047 3195 desistat,
1069 3141 1098 3184 et
1114 3123 1146 3197 ⁸)
1164 3132 1249 3198 sciat,

193 3235 250 3293 qua
265 3216 447 3272 conscientia
464 3214 541 3268 hanc
560 3216 669 3285 raptam
683 3215 866 3285 provinciam
879 3216 1071 3273 administret.
1107 3220 1185 3275 Nam
1197 3223 1249 3278 tibi

193 3318 238 3364 est
248 3295 567 3369 Ecclesia.credita,i)
584 3302 700 3367 tueor)
718 3302 821 3357 sinete
837 3305 978 3360 nonlicet
993 3308 1043 3361 uili
1057 3326 1121 3363 eam
1135 3327 1248 3380 regere.

192 3399 222 3455 Si
239 3401 276 3463 ¹¹)
293 3396 350 3450 hac
368 3394 480 3466 privata
497 3393 695 3447 admonitione
713 3409 773 3447 non
794 3394 937 3460 cesserit,
958 3397 1062 3463 dices,
1079 3411 1108 3453 te
1126 3400 1163 3466 ¹2)
1181 3418 1249 3456 ean.

194 3489 263 3546 dem
286 3484 531 3559 protestationem
551 3482 695 3536 iacturum
721 3481 751 3536 in
776 3481 894 3552 publica
918 3486 1086 3556 concione,
1110 3492 1193 3561 quod
1218 3501 1249 3548 et

195 3634 722 3660 .----——--—----

195 3705 201 3717 ⁸
243 3724 537 3786 nmdfflmmfflm
586 3724 942 3775 Dwdwm—stmuc
991 3729 1246 3779 ffimffltmfflm

191 3797 1246 3871 lmnmmmtsamnmmmmm3umm†mmmmmm,

191 3872 1009 3931 mmm.nostmm.aemm.ffiwmufflm
1062 3880 1246 3929 mssstmu

194 3955 320 4011 mum
370 3947 487 4003 md&
