<?xml version="1.0" encoding="UTF-8"?>
<!DOCTYPE html PUBLIC "-//W3C//DTD XHTML 1.0 Transitional//EN"
    "http://www.w3.org/TR/xhtml1/DTD/xhtml1-transitional.dtd">
<html xmlns="http://www.w3.org/1999/xhtml" xml:lang="en" lang="en">
 <head>
  <title>
</title>
<meta http-equiv="Content-Type" content="text/html;charset=utf-8" />
  <meta name='ocr-system' content='tesseract 3.04.00' />
  <meta name='ocr-capabilities' content='ocr_page ocr_carea ocr_par ocr_line ocrx_word'/>
</head>
<body>
  <div class='ocr_page' id='page_1' title='image "./briefesendschre00luthgoog_0135.png"; bbox 0 0 2586 4696; ppageno 0'>
   <div class='ocr_carea' id='block_1_1' title="bbox 206 252 779 363">
    <p class='ocr_par' dir='ltr' id='par_1_1' title="bbox 206 252 779 363">
     <span class='ocr_line' id='line_1_1' title="bbox 206 252 779 363; baseline 0.009 -6"><span class='ocrx_word' id='word_1_1' title='bbox 206 252 274 358; x_wconf 79' lang='lat' dir='ltr'>tos</span> <span class='ocrx_word' id='word_1_2' title='bbox 689 295 779 363; x_wconf 75' lang='lat' dir='ltr'>isso.</span> 
     </span>
    </p>
   </div>
   <div class='ocr_carea' id='block_1_2' title="bbox 199 451 1259 2140">
    <p class='ocr_par' dir='ltr' id='par_1_2' title="bbox 204 451 1258 776">
     <span class='ocr_line' id='line_1_2' title="bbox 205 451 1258 530; baseline 0 -23"><span class='ocrx_word' id='word_1_3' title='bbox 205 451 310 507; x_wconf 87' lang='lat' dir='ltr'>saltem</span> <span class='ocrx_word' id='word_1_4' title='bbox 328 451 394 525; x_wconf 90' lang='lat' dir='ltr'>ipso</span> <span class='ocrx_word' id='word_1_5' title='bbox 411 469 502 526; x_wconf 88' lang='lat' dir='ltr'>opere</span> <span class='ocrx_word' id='word_1_6' title='bbox 519 463 548 510; x_wconf 86' lang='lat' dir='ltr'>et</span> <span class='ocrx_word' id='word_1_7' title='bbox 565 453 712 527; x_wconf 84' lang='lat' dir='ltr'>patientia.</span> <span class='ocrx_word' id='word_1_8' title='bbox 746 456 773 510; x_wconf 86' lang='lat' dir='ltr'>Si</span> <span class='ocrx_word' id='word_1_9' title='bbox 798 463 893 510; x_wconf 84' lang='lat' dir='ltr'>autem</span> <span class='ocrx_word' id='word_1_10' title='bbox 912 452 940 509; x_wconf 86' lang='lat' dir='ltr'>vi</span> <span class='ocrx_word' id='word_1_11' title='bbox 951 468 1097 530; x_wconf 9' lang='lat' dir='ltr'>*manuum</span> <span class='ocrx_word' id='word_1_12' title='bbox 1114 460 1258 521; x_wconf 75' lang='lat' dir='ltr'>cogerent</span> 
     </span>
     <span class='ocr_line' id='line_1_3' title="bbox 204 540 1257 612; baseline 0.002 -18"><span class='ocrx_word' id='word_1_13' title='bbox 204 540 240 594; x_wconf 85' lang='lat' dir='ltr'>ad</span> <span class='ocrx_word' id='word_1_14' title='bbox 266 541 475 612; x_wconf 87' lang='lat' dir='ltr'>jejunandum,</span> <span class='ocrx_word' id='word_1_15' title='bbox 508 544 625 599; x_wconf 86' lang='lat' dir='ltr'>scilicet</span> <span class='ocrx_word' id='word_1_16' title='bbox 656 543 814 600; x_wconf 80' lang='lat' dir='ltr'>auferendo</span> <span class='ocrx_word' id='word_1_17' title='bbox 838 544 945 612; x_wconf 91' lang='lat' dir='ltr'>cibos,</span> <span class='ocrx_word' id='word_1_18' title='bbox 977 551 1028 598; x_wconf 90' lang='lat' dir='ltr'>aut</span> <span class='ocrx_word' id='word_1_19' title='bbox 1055 541 1197 610; x_wconf 79' lang='lat' dir='ltr'>alligando</span> <span class='ocrx_word' id='word_1_20' title='bbox 1227 541 1257 596; x_wconf 93' lang='lat' dir='ltr'>in</span> 
     </span>
     <span class='ocr_line' id='line_1_4' title="bbox 204 630 1257 704; baseline 0.003 -22"><span class='ocrx_word' id='word_1_21' title='bbox 204 644 345 701; x_wconf 87' lang='lat' dir='ltr'>carcere,</span> <span class='ocrx_word' id='word_1_22' title='bbox 370 641 433 687; x_wconf 93' lang='lat' dir='ltr'>tuto</span> <span class='ocrx_word' id='word_1_23' title='bbox 451 632 595 687; x_wconf 85' lang='lat' dir='ltr'>toleratur</span> <span class='ocrx_word' id='word_1_24' title='bbox 611 631 636 698; x_wconf 85' lang='lat'>¹)</span> <span class='ocrx_word' id='word_1_25' title='bbox 653 634 782 704; x_wconf 89' lang='lat' dir='ltr'>malum,</span> <span class='ocrx_word' id='word_1_26' title='bbox 808 634 889 688; x_wconf 92' lang='lat' dir='ltr'>nullo</span> <span class='ocrx_word' id='word_1_27' title='bbox 913 640 1065 688; x_wconf 81' lang='lat' dir='ltr'>consensu</span> <span class='ocrx_word' id='word_1_28' title='bbox 1087 630 1187 703; x_wconf 87' lang='lat' dir='ltr'>operis</span> <span class='ocrx_word' id='word_1_29' title='bbox 1208 640 1257 685; x_wconf 90' lang='lat' dir='ltr'>aut</span> 
     </span>
     <span class='ocr_line' id='line_1_5' title="bbox 204 720 1120 776; baseline 0.001 -4"><span class='ocrx_word' id='word_1_30' title='bbox 204 720 298 775; x_wconf 90' lang='lat' dir='ltr'>verbo</span> <span class='ocrx_word' id='word_1_31' title='bbox 316 720 424 776; x_wconf 85' lang='lat' dir='ltr'>addito.</span> <span class='ocrx_word' id='word_1_32' title='bbox 968 727 972 733; x_wconf 88' lang='grc'><em>“</em></span> <span class='ocrx_word' id='word_1_33' title='bbox 1115 768 1120 773; x_wconf 95' lang='grc'>.</span> 
     </span>
    </p>

    <p class='ocr_par' dir='ltr' id='par_1_3' title="bbox 202 808 1259 1424">
     <span class='ocr_line' id='line_1_6' title="bbox 269 808 1258 883; baseline -0.002 -20"><span class='ocrx_word' id='word_1_34' title='bbox 269 809 326 864; x_wconf 90' lang='lat' dir='ltr'>llic</span> <span class='ocrx_word' id='word_1_35' title='bbox 344 827 417 865; x_wconf 89' lang='lat' dir='ltr'>vero</span> <span class='ocrx_word' id='word_1_36' title='bbox 433 811 505 866; x_wconf 89' lang='lat' dir='ltr'>mihi</span> <span class='ocrx_word' id='word_1_37' title='bbox 524 812 717 883; x_wconf 84' lang='lat' dir='ltr'>cogitationes</span> <span class='ocrx_word' id='word_1_38' title='bbox 735 811 886 881; x_wconf 86' lang='lat' dir='ltr'>oriuntur,</span> <span class='ocrx_word' id='word_1_39' title='bbox 909 829 947 871; x_wconf 87' lang='lat' dir='ltr'>ne</span> <span class='ocrx_word' id='word_1_40' title='bbox 963 809 1165 882; x_wconf 66' lang='lat' dir='ltr'>periclitemur</span> <span class='ocrx_word' id='word_1_41' title='bbox 1181 808 1258 863; x_wconf 87' lang='lat' dir='ltr'>falla.</span> 
     </span>
     <span class='ocr_line' id='line_1_7' title="bbox 204 898 1259 973; baseline 0.002 -20"><span class='ocrx_word' id='word_1_42' title='bbox 204 898 259 954; x_wconf 89' lang='lat' dir='ltr'>ciis</span> <span class='ocrx_word' id='word_1_43' title='bbox 282 909 313 954; x_wconf 90' lang='lat' dir='ltr'>et</span> <span class='ocrx_word' id='word_1_44' title='bbox 337 900 414 955; x_wconf 83' lang='lat' dir='ltr'>fucis</span> <span class='ocrx_word' id='word_1_45' title='bbox 440 919 564 971; x_wconf 88' lang='lat' dir='ltr'>eorum,</span> <span class='ocrx_word' id='word_1_46' title='bbox 597 903 713 957; x_wconf 87' lang='lat' dir='ltr'>scilicet</span> <span class='ocrx_word' id='word_1_47' title='bbox 737 904 762 958; x_wconf 89' lang='lat' dir='ltr'>si</span> <span class='ocrx_word' id='word_1_48' title='bbox 788 902 995 973; x_wconf 84' lang='lat' dir='ltr'>praetendant,</span> <span class='ocrx_word' id='word_1_49' title='bbox 1021 901 1205 968; x_wconf 64' lang='lat' dir='ltr'>Caesarem,</span> <span class='ocrx_word' id='word_1_50' title='bbox 1225 912 1259 955; x_wconf 89' lang='lat' dir='ltr'>ut</span> 
     </span>
     <span class='ocr_line' id='line_1_8' title="bbox 206 988 1258 1064; baseline 0.002 -21"><span class='ocrx_word' id='word_1_51' title='bbox 206 988 381 1059; x_wconf 85' lang='lat' dir='ltr'>Caesarem,</span> <span class='ocrx_word' id='word_1_52' title='bbox 399 1006 537 1058; x_wconf 87' lang='lat' dir='ltr'>severo,</span> <span class='ocrx_word' id='word_1_53' title='bbox 553 1001 586 1047; x_wconf 92' lang='lat' dir='ltr'>ut</span> <span class='ocrx_word' id='word_1_54' title='bbox 596 992 773 1064; x_wconf 80' lang='lat' dir='ltr'>Principes,</span> <span class='ocrx_word' id='word_1_55' title='bbox 789 993 868 1047; x_wconf 87' lang='lat' dir='ltr'>velle</span> <span class='ocrx_word' id='word_1_56' title='bbox 884 991 950 1047; x_wconf 86' lang='lat' dir='ltr'>talia</span> <span class='ocrx_word' id='word_1_57' title='bbox 966 989 1069 1059; x_wconf 86' lang='lat' dir='ltr'>statui,</span> <span class='ocrx_word' id='word_1_58' title='bbox 1087 1001 1137 1044; x_wconf 86' lang='lat' dir='ltr'>aut</span> <span class='ocrx_word' id='word_1_59' title='bbox 1152 999 1258 1045; x_wconf 87' lang='lat' dir='ltr'>statuta</span> 
     </span>
     <span class='ocr_line' id='line_1_9' title="bbox 202 1079 1257 1149; baseline 0 -15"><span class='ocrx_word' id='word_1_60' title='bbox 202 1079 322 1134; x_wconf 87' lang='lat' dir='ltr'>retineri</span> <span class='ocrx_word' id='word_1_61' title='bbox 348 1079 384 1134; x_wconf 89' lang='lat' dir='ltr'>ab</span> <span class='ocrx_word' id='word_1_62' title='bbox 400 1080 554 1148; x_wconf 76' lang='lat' dir='ltr'>Ecclesia,</span> <span class='ocrx_word' id='word_1_63' title='bbox 577 1098 638 1135; x_wconf 87' lang='lat' dir='ltr'>uon</span> <span class='ocrx_word' id='word_1_64' title='bbox 658 1091 694 1136; x_wconf 91' lang='lat' dir='ltr'>ut</span> <span class='ocrx_word' id='word_1_65' title='bbox 717 1080 754 1136; x_wconf 87' lang='lat' dir='ltr'>ab</span> <span class='ocrx_word' id='word_1_66' title='bbox 770 1080 924 1149; x_wconf 89' lang='lat' dir='ltr'>Ecclesia,</span> <span class='ocrx_word' id='word_1_67' title='bbox 947 1080 1000 1135; x_wconf 89' lang='lat' dir='ltr'>sed</span> <span class='ocrx_word' id='word_1_68' title='bbox 1021 1088 1056 1133; x_wconf 88' lang='lat' dir='ltr'>ut</span> <span class='ocrx_word' id='word_1_69' title='bbox 1075 1095 1092 1133; x_wconf 89' lang='grc' dir='ltr'>ιι</span> <span class='ocrx_word' id='word_1_70' title='bbox 1114 1079 1257 1147; x_wconf 82' lang='lat' dir='ltr'>subditis,</span> 
     </span>
     <span class='ocr_line' id='line_1_10' title="bbox 203 1168 1259 1243; baseline -0.001 -19"><span class='ocrx_word' id='word_1_71' title='bbox 203 1177 232 1224; x_wconf 89' lang='lat' dir='ltr'>et</span> <span class='ocrx_word' id='word_1_72' title='bbox 241 1168 266 1234; x_wconf 84' lang='lat'>²)</span> <span class='ocrx_word' id='word_1_73' title='bbox 284 1170 344 1224; x_wconf 89' lang='lat' dir='ltr'>hoc</span> <span class='ocrx_word' id='word_1_74' title='bbox 362 1179 517 1243; x_wconf 86' lang='lat' dir='ltr'>praetextu</span> <span class='ocrx_word' id='word_1_75' title='bbox 533 1181 624 1226; x_wconf 89' lang='lat' dir='ltr'>totam</span> <span class='ocrx_word' id='word_1_76' title='bbox 642 1172 719 1227; x_wconf 86' lang='lat' dir='ltr'>illam</span> <span class='ocrx_word' id='word_1_77' title='bbox 736 1172 916 1243; x_wconf 74' lang='lat' dir='ltr'>tyrannidem</span> <span class='ocrx_word' id='word_1_78' title='bbox 933 1171 1116 1226; x_wconf 80' lang='lat' dir='ltr'>contusionis</span> <span class='ocrx_word' id='word_1_79' title='bbox 1131 1169 1259 1225; x_wconf 84' lang='lat' dir='ltr'>resusci.</span> 
     </span>
     <span class='ocr_line' id='line_1_11' title="bbox 202 1249 1257 1330; baseline 0.002 -18"><span class='ocrx_word' id='word_1_80' title='bbox 202 1266 265 1314; x_wconf 90' lang='lat' dir='ltr'>tare</span> <span class='ocrx_word' id='word_1_81' title='bbox 279 1249 319 1314; x_wconf 61' lang='lat' dir='ltr'>&#39;et</span> <span class='ocrx_word' id='word_1_82' title='bbox 337 1259 532 1327; x_wconf 82' lang='lat' dir='ltr'>confirmare,</span> <span class='ocrx_word' id='word_1_83' title='bbox 557 1276 591 1313; x_wconf 86' lang='lat' dir='ltr'>ac</span> <span class='ocrx_word' id='word_1_84' title='bbox 615 1261 659 1314; x_wconf 91' lang='lat' dir='ltr'>sic</span> <span class='ocrx_word' id='word_1_85' title='bbox 675 1260 847 1316; x_wconf 73' lang='lat' dir='ltr'>Ecclesiam</span> <span class='ocrx_word' id='word_1_86' title='bbox 868 1259 1058 1316; x_wconf 71' lang='lat' dir='ltr'>nihilominus</span> <span class='ocrx_word' id='word_1_87' title='bbox 1081 1276 1257 1330; x_wconf 81' lang='lat' dir='ltr'>oppressam</span> 
     </span>
     <span class='ocr_line' id='line_1_12' title="bbox 203 1346 1186 1424; baseline 0.005 -23"><span class='ocrx_word' id='word_1_88' title='bbox 203 1356 233 1402; x_wconf 90' lang='lat' dir='ltr'>et</span> <span class='ocrx_word' id='word_1_89' title='bbox 249 1346 412 1414; x_wconf 83' lang='lat' dir='ltr'>subjectam</span> <span class='ocrx_word' id='word_1_90' title='bbox 430 1350 594 1420; x_wconf 87' lang='lat' dir='ltr'>episcopali</span> <span class='ocrx_word' id='word_1_91' title='bbox 611 1361 758 1421; x_wconf 74' lang='lat' dir='ltr'>potestate</span> <span class='ocrx_word' id='word_1_92' title='bbox 774 1351 896 1406; x_wconf 88' lang='lat' dir='ltr'>babere.</span> <span class='ocrx_word' id='word_1_93' title='bbox 1182 1415 1186 1424; x_wconf 34' lang='grc' dir='ltr'>Ι</span> 
     </span>
    </p>

    <p class='ocr_par' dir='ltr' id='par_1_4' title="bbox 199 1438 1258 2140">
     <span class='ocr_line' id='line_1_13' title="bbox 268 1438 1256 1513; baseline -0.002 -20"><span class='ocrx_word' id='word_1_94' title='bbox 268 1438 324 1493; x_wconf 88' lang='lat' dir='ltr'>Hic</span> <span class='ocrx_word' id='word_1_95' title='bbox 335 1457 392 1508; x_wconf 81' lang='lat' dir='ltr'>ego</span> <span class='ocrx_word' id='word_1_96' title='bbox 404 1440 520 1505; x_wconf 89' lang='lat' dir='ltr'>sentio,</span> <span class='ocrx_word' id='word_1_97' title='bbox 538 1440 636 1494; x_wconf 88' lang='lat' dir='ltr'>divina</span> <span class='ocrx_word' id='word_1_98' title='bbox 649 1441 802 1496; x_wconf 77' lang='lat' dir='ltr'>autoritate</span> <span class='ocrx_word' id='word_1_99' title='bbox 814 1438 841 1506; x_wconf 84' lang='lat'>³)</span> <span class='ocrx_word' id='word_1_100' title='bbox 855 1439 1022 1513; x_wconf 81' lang='lat' dir='ltr'>prohiberi,</span> <span class='ocrx_word' id='word_1_101' title='bbox 1039 1456 1077 1495; x_wconf 88' lang='lat' dir='ltr'>ne</span> <span class='ocrx_word' id='word_1_102' title='bbox 1088 1439 1143 1494; x_wconf 80' lang='lat' dir='ltr'>illis</span> <span class='ocrx_word' id='word_1_103' title='bbox 1155 1438 1256 1494; x_wconf 87' lang='lat' dir='ltr'>creda.</span> 
     </span>
     <span class='ocr_line' id='line_1_14' title="bbox 202 1529 1254 1603; baseline -0.002 -20"><span class='ocrx_word' id='word_1_104' title='bbox 202 1544 290 1597; x_wconf 85' lang='lat' dir='ltr'>mus,</span> <span class='ocrx_word' id='word_1_105' title='bbox 308 1529 376 1600; x_wconf 89' lang='lat' dir='ltr'>quia</span> <span class='ocrx_word' id='word_1_106' title='bbox 393 1529 531 1584; x_wconf 79' lang='lat' dir='ltr'>Christus</span> <span class='ocrx_word' id='word_1_107' title='bbox 549 1530 689 1601; x_wconf 86' lang='lat' dir='ltr'>prohibet</span> <span class='ocrx_word' id='word_1_108' title='bbox 706 1531 829 1602; x_wconf 91' lang='lat' dir='ltr'>impium</span> <span class='ocrx_word' id='word_1_109' title='bbox 849 1542 879 1586; x_wconf 88' lang='lat' dir='ltr'>et</span> <span class='ocrx_word' id='word_1_110' title='bbox 894 1541 1087 1603; x_wconf 85' lang='lat' dir='ltr'>peccatorem</span> <span class='ocrx_word' id='word_1_111' title='bbox 1103 1545 1158 1600; x_wconf 90' lang='lat' dir='ltr'>pro</span> <span class='ocrx_word' id='word_1_112' title='bbox 1171 1529 1254 1599; x_wconf 87' lang='lat' dir='ltr'>justo</span> 
     </span>
     <span class='ocr_line' id='line_1_15' title="bbox 202 1617 1255 1691; baseline -0.004 -19"><span class='ocrx_word' id='word_1_113' title='bbox 202 1633 384 1687; x_wconf 80' lang='lat' dir='ltr'>agnoscere,</span> <span class='ocrx_word' id='word_1_114' title='bbox 402 1619 458 1674; x_wconf 89' lang='lat' dir='ltr'>uisi</span> <span class='ocrx_word' id='word_1_115' title='bbox 471 1621 624 1674; x_wconf 85' lang='lat' dir='ltr'>manifeste</span> <span class='ocrx_word' id='word_1_116' title='bbox 637 1621 820 1691; x_wconf 83' lang='lat' dir='ltr'>poenituerit,</span> <span class='ocrx_word' id='word_1_117' title='bbox 839 1619 949 1675; x_wconf 86' lang='lat' dir='ltr'>Matth.</span> <span class='ocrx_word' id='word_1_118' title='bbox 961 1618 1088 1675; x_wconf 83' lang='lat' dir='ltr'><strong>XVIII.:</strong></span> <span class='ocrx_word' id='word_1_119' title='bbox 1105 1619 1133 1673; x_wconf 88' lang='lat' dir='ltr'>Si</span> <span class='ocrx_word' id='word_1_120' title='bbox 1149 1617 1255 1673; x_wconf 87' lang='lat' dir='ltr'>Eccle.</span> 
     </span>
     <span class='ocr_line' id='line_1_16' title="bbox 202 1701 1256 1780; baseline -0.001 -16"><span class='ocrx_word' id='word_1_121' title='bbox 202 1709 275 1764; x_wconf 87' lang='lat' dir='ltr'>siam</span> <span class='ocrx_word' id='word_1_122' title='bbox 293 1727 353 1764; x_wconf 89' lang='lat' dir='ltr'>non</span> <span class='ocrx_word' id='word_1_123' title='bbox 371 1710 514 1778; x_wconf 88' lang='lat' dir='ltr'>audierit,</span> <span class='ocrx_word' id='word_1_124' title='bbox 532 1710 571 1765; x_wconf 89' lang='lat' dir='ltr'>ait</span> <span class='ocrx_word' id='word_1_125' title='bbox 588 1711 640 1764; x_wconf 92' lang='lat' dir='ltr'>tibi</span> <span class='ocrx_word' id='word_1_126' title='bbox 658 1711 737 1768; x_wconf 85' lang='lat' dir='ltr'>sicut</span> <span class='ocrx_word' id='word_1_127' title='bbox 754 1711 891 1766; x_wconf 87' lang='lat' dir='ltr'>ethnicus</span> <span class='ocrx_word' id='word_1_128' title='bbox 913 1720 944 1764; x_wconf 91' lang='lat' dir='ltr'>et</span> <span class='ocrx_word' id='word_1_129' title='bbox 960 1701 1143 1780; x_wconf 88' lang='lat' dir='ltr'>publicanus.</span> <span class='ocrx_word' id='word_1_130' title='bbox 1178 1709 1256 1763; x_wconf 86' lang='lat' dir='ltr'>Cum</span> 
     </span>
     <span class='ocr_line' id='line_1_17' title="bbox 200 1797 1258 1871; baseline -0.001 -18"><span class='ocrx_word' id='word_1_131' title='bbox 200 1797 288 1868; x_wconf 80' lang='lat' dir='ltr'>igitur</span> <span class='ocrx_word' id='word_1_132' title='bbox 303 1799 617 1871; x_wconf 81' lang='lat' dir='ltr'>Episcopimanifeste</span> <span class='ocrx_word' id='word_1_133' title='bbox 635 1800 692 1855; x_wconf 86' lang='lat' dir='ltr'>siut</span> <span class='ocrx_word' id='word_1_134' title='bbox 711 1800 753 1855; x_wconf 92' lang='lat' dir='ltr'>rei</span> <span class='ocrx_word' id='word_1_135' title='bbox 771 1800 913 1855; x_wconf 84' lang='lat' dir='ltr'>confusae</span> <span class='ocrx_word' id='word_1_136' title='bbox 938 1799 1023 1855; x_wconf 85' lang='lat' dir='ltr'>istius</span> <span class='ocrx_word' id='word_1_137' title='bbox 1040 1798 1202 1870; x_wconf 86' lang='lat' dir='ltr'>tyrannidis</span> <span class='ocrx_word' id='word_1_138' title='bbox 1227 1810 1258 1852; x_wconf 92' lang='lat' dir='ltr'>et</span> 
     </span>
     <span class='ocr_line' id='line_1_18' title="bbox 201 1881 1257 1961; baseline -0.003 -16"><span class='ocrx_word' id='word_1_139' title='bbox 201 1905 364 1961; x_wconf 79' lang='lat' dir='ltr'>oppressae</span> <span class='ocrx_word' id='word_1_140' title='bbox 381 1886 557 1959; x_wconf 85' lang='lat' dir='ltr'>Ecclesiae,</span> <span class='ocrx_word' id='word_1_141' title='bbox 574 1908 632 1945; x_wconf 90' lang='lat' dir='ltr'>non</span> <span class='ocrx_word' id='word_1_142' title='bbox 649 1890 719 1944; x_wconf 89' lang='lat' dir='ltr'>licet</span> <span class='ocrx_word' id='word_1_143' title='bbox 740 1889 783 1944; x_wconf 87' lang='lat' dir='ltr'>eis</span> <span class='ocrx_word' id='word_1_144' title='bbox 800 1890 941 1957; x_wconf 90' lang='lat' dir='ltr'>credere,</span> <span class='ocrx_word' id='word_1_145' title='bbox 958 1889 1014 1944; x_wconf 88' lang='lat' dir='ltr'>nisi</span> <span class='ocrx_word' id='word_1_146' title='bbox 1033 1888 1211 1960; x_wconf 72' lang='lat' dir='ltr'>poenitentia</span> <span class='ocrx_word' id='word_1_147' title='bbox 1226 1881 1257 1955; x_wconf 63' lang='lat'>⁴)</span> 
     </span>
     <span class='ocr_line' id='line_1_19' title="bbox 199 1971 1257 2048; baseline -0.001 -15"><span class='ocrx_word' id='word_1_148' title='bbox 199 1979 353 2034; x_wconf 85' lang='lat' dir='ltr'>manifesta</span> <span class='ocrx_word' id='word_1_149' title='bbox 371 1979 497 2048; x_wconf 88' lang='lat' dir='ltr'>primurn</span> <span class='ocrx_word' id='word_1_150' title='bbox 507 1971 533 2043; x_wconf 82' lang='lat'>⁵)</span> <span class='ocrx_word' id='word_1_151' title='bbox 551 1979 725 2035; x_wconf 84' lang='lat' dir='ltr'>resciderint</span> <span class='ocrx_word' id='word_1_152' title='bbox 742 1989 773 2034; x_wconf 90' lang='lat' dir='ltr'>et</span> <span class='ocrx_word' id='word_1_153' title='bbox 787 1978 993 2033; x_wconf 71' lang='lat' dir='ltr'>damnaverint·</span> <span class='ocrx_word' id='word_1_154' title='bbox 1004 1978 1084 2043; x_wconf 73' lang='lat' dir='ltr'>lexes</span> <span class='ocrx_word' id='word_1_155' title='bbox 1098 1976 1213 2048; x_wconf 83' lang='lat' dir='ltr'>priores</span> <span class='ocrx_word' id='word_1_156' title='bbox 1226 1985 1257 2032; x_wconf 91' lang='lat' dir='ltr'>et</span> 
     </span>
     <span class='ocr_line' id='line_1_20' title="bbox 200 2065 1255 2140; baseline -0.001 -20"><span class='ocrx_word' id='word_1_157' title='bbox 200 2067 356 2123; x_wconf 86' lang='lat' dir='ltr'>universas</span> <span class='ocrx_word' id='word_1_158' title='bbox 375 2084 424 2122; x_wconf 87' lang='lat' dir='ltr'>res</span> <span class='ocrx_word' id='word_1_159' title='bbox 434 2079 533 2136; x_wconf 83' lang='lat' dir='ltr'>gestas</span> <span class='ocrx_word' id='word_1_160' title='bbox 551 2085 591 2123; x_wconf 87' lang='lat' dir='ltr'>ex</span> <span class='ocrx_word' id='word_1_161' title='bbox 602 2069 724 2122; x_wconf 84' lang='lat' dir='ltr'>contusa</span> <span class='ocrx_word' id='word_1_162' title='bbox 739 2067 900 2139; x_wconf 81' lang='lat' dir='ltr'>tyrannide.</span> <span class='ocrx_word' id='word_1_163' title='bbox 935 2065 1028 2140; x_wconf 82' lang='lat' dir='ltr'>Quod</span> <span class='ocrx_word' id='word_1_164' title='bbox 1042 2066 1067 2122; x_wconf 84' lang='lat' dir='ltr'>si</span> <span class='ocrx_word' id='word_1_165' title='bbox 1079 2067 1255 2133; x_wconf 86' lang='lat' dir='ltr'>detrectent,</span> 
     </span>
    </p>
   </div>
   <div class='ocr_carea' id='block_1_3' title="bbox 110 2154 1256 2231">
    <p class='ocr_par' dir='ltr' id='par_1_5' title="bbox 110 2154 1256 2231">
     <span class='ocr_line' id='line_1_21' title="bbox 110 2154 1256 2231; baseline -0.002 -22"><span class='ocrx_word' id='word_1_166' title='bbox 110 2226 113 2231; x_wconf 23' lang='grc' dir='ltr'>Ι</span> <span class='ocrx_word' id='word_1_167' title='bbox 201 2154 315 2209; x_wconf 85' lang='lat' dir='ltr'>clarum</span> <span class='ocrx_word' id='word_1_168' title='bbox 333 2167 394 2222; x_wconf 88' lang='lat' dir='ltr'>cst,</span> <span class='ocrx_word' id='word_1_169' title='bbox 414 2172 468 2211; x_wconf 88' lang='lat' dir='ltr'>eos</span> <span class='ocrx_word' id='word_1_170' title='bbox 485 2157 562 2211; x_wconf 90' lang='lat' dir='ltr'>velle</span> <span class='ocrx_word' id='word_1_171' title='bbox 581 2157 801 2228; x_wconf 88' lang='lat' dir='ltr'>impoenitentia</span> <span class='ocrx_word' id='word_1_172' title='bbox 820 2167 851 2212; x_wconf 90' lang='lat' dir='ltr'>et</span> <span class='ocrx_word' id='word_1_173' title='bbox 867 2155 1039 2227; x_wconf 78' lang='lat' dir='ltr'>impunitate</span> <span class='ocrx_word' id='word_1_174' title='bbox 1057 2154 1200 2225; x_wconf 80' lang='lat' dir='ltr'>gaudere,</span> <span class='ocrx_word' id='word_1_175' title='bbox 1223 2162 1256 2209; x_wconf 89' lang='lat' dir='ltr'>et</span> 
     </span>
    </p>
   </div>
   <div class='ocr_carea' id='block_1_4' title="bbox 156 2245 1258 3662">
    <p class='ocr_par' dir='ltr' id='par_1_6' title="bbox 156 2245 1258 3662">
     <span class='ocr_line' id='line_1_22' title="bbox 201 2245 1254 2312; baseline -0.004 -13"><span class='ocrx_word' id='word_1_176' title='bbox 201 2262 307 2301; x_wconf 90' lang='lat' dir='ltr'>omnes</span> <span class='ocrx_word' id='word_1_177' title='bbox 325 2245 559 2302; x_wconf 86' lang='lat' dir='ltr'>abominationes</span> <span class='ocrx_word' id='word_1_178' title='bbox 576 2262 650 2301; x_wconf 83' lang='lat' dir='ltr'>suas·</span> <span class='ocrx_word' id='word_1_179' title='bbox 664 2246 733 2301; x_wconf 90' lang='lat' dir='ltr'>dolo</span> <span class='ocrx_word' id='word_1_180' title='bbox 758 2257 788 2302; x_wconf 91' lang='lat' dir='ltr'>et</span> <span class='ocrx_word' id='word_1_181' title='bbox 804 2247 905 2301; x_wconf 86' lang='lat' dir='ltr'>fraude</span> <span class='ocrx_word' id='word_1_182' title='bbox 928 2246 1101 2312; x_wconf 82' lang='lat' dir='ltr'>restituere,</span> <span class='ocrx_word' id='word_1_183' title='bbox 1123 2254 1154 2299; x_wconf 84' lang='lat' dir='ltr'>et</span> <span class='ocrx_word' id='word_1_184' title='bbox 1169 2260 1254 2297; x_wconf 92' lang='lat' dir='ltr'>men.</span> 
     </span>
     <span class='ocr_line' id='line_1_23' title="bbox 201 2333 1251 2407; baseline -0.001 -19"><span class='ocrx_word' id='word_1_185' title='bbox 201 2334 266 2403; x_wconf 90' lang='lat' dir='ltr'>tiri,</span> <span class='ocrx_word' id='word_1_186' title='bbox 284 2349 335 2401; x_wconf 86' lang='lat' dir='ltr'>se,</span> <span class='ocrx_word' id='word_1_187' title='bbox 353 2345 384 2389; x_wconf 92' lang='lat' dir='ltr'>ut</span> <span class='ocrx_word' id='word_1_188' title='bbox 396 2334 566 2407; x_wconf 86' lang='lat' dir='ltr'>Principes,</span> <span class='ocrx_word' id='word_1_189' title='bbox 584 2351 639 2389; x_wconf 84' lang='lat' dir='ltr'>seu</span> <span class='ocrx_word' id='word_1_190' title='bbox 652 2335 819 2401; x_wconf 88' lang='lat' dir='ltr'>Caesarem,</span> <span class='ocrx_word' id='word_1_191' title='bbox 833 2347 867 2389; x_wconf 92' lang='lat' dir='ltr'>ut</span> <span class='ocrx_word' id='word_1_192' title='bbox 884 2335 1051 2403; x_wconf 80' lang='lat' dir='ltr'>Caesarem,</span> <span class='ocrx_word' id='word_1_193' title='bbox 1069 2333 1251 2406; x_wconf 87' lang='lat' dir='ltr'>praecipere.</span> 
     </span>
     <span class='ocr_line' id='line_1_24' title="bbox 264 2422 1256 2495; baseline -0.003 -17"><span class='ocrx_word' id='word_1_194' title='bbox 264 2424 522 2495; x_wconf 18' lang='lat' dir='ltr'>Videamuspigitur</span> <span class='ocrx_word' id='word_1_195' title='bbox 528 2464 537 2491; x_wconf 96' lang='lat'>,</span> <span class='ocrx_word' id='word_1_196' title='bbox 556 2424 709 2495; x_wconf 89' lang='lat' dir='ltr'>quomodo</span> <span class='ocrx_word' id='word_1_197' title='bbox 721 2433 805 2479; x_wconf 87' lang='lat' dir='ltr'>caute</span> <span class='ocrx_word' id='word_1_198' title='bbox 817 2423 1004 2478; x_wconf 89' lang='lat' dir='ltr'>ambulemus</span> <span class='ocrx_word' id='word_1_199' title='bbox 1018 2438 1166 2491; x_wconf 77' lang='lat' dir='ltr'>argaeos,</span> <span class='ocrx_word' id='word_1_200' title='bbox 1184 2422 1256 2494; x_wconf 86' lang='lat' dir='ltr'>quia</span> 
     </span>
     <span class='ocr_line' id='line_1_25' title="bbox 200 2512 1255 2586; baseline -0.002 -17"><span class='ocrx_word' id='word_1_201' title='bbox 200 2514 279 2586; x_wconf 89' lang='lat' dir='ltr'>pleni</span> <span class='ocrx_word' id='word_1_202' title='bbox 304 2525 373 2569; x_wconf 87' lang='lat' dir='ltr'>suut</span> <span class='ocrx_word' id='word_1_203' title='bbox 398 2514 479 2568; x_wconf 90' lang='lat' dir='ltr'>omui</span> <span class='ocrx_word' id='word_1_204' title='bbox 504 2514 573 2569; x_wconf 87' lang='lat' dir='ltr'>dolo</span> <span class='ocrx_word' id='word_1_205' title='bbox 597 2523 627 2568; x_wconf 91' lang='lat' dir='ltr'>et</span> <span class='ocrx_word' id='word_1_206' title='bbox 650 2515 758 2569; x_wconf 79' lang='lat' dir='ltr'>fallacia</span> <span class='ocrx_word' id='word_1_207' title='bbox 768 2513 835 2571; x_wconf 83' lang='lat' dir='ltr'>Dei</span> <span class='ocrx_word' id='word_1_208' title='bbox 854 2514 899 2568; x_wconf 87' lang='lat' dir='ltr'>sui</span> <span class='ocrx_word' id='word_1_209' title='bbox 917 2515 1055 2581; x_wconf 83' lang='lat' dir='ltr'>Satanae,</span> <span class='ocrx_word' id='word_1_210' title='bbox 1079 2530 1116 2567; x_wconf 91' lang='lat' dir='ltr'>ne</span> <span class='ocrx_word' id='word_1_211' title='bbox 1139 2512 1255 2583; x_wconf 86' lang='lat' dir='ltr'>aliquos</span> 
     </span>
     <span class='ocr_line' id='line_1_26' title="bbox 200 2601 1257 2676; baseline -0.005 -16"><span class='ocrx_word' id='word_1_212' title='bbox 200 2614 334 2660; x_wconf 84' lang='lat' dir='ltr'>nostrum</span> <span class='ocrx_word' id='word_1_213' title='bbox 357 2602 593 2676; x_wconf 84' lang='lat' dir='ltr'>apprehendant,</span> <span class='ocrx_word' id='word_1_214' title='bbox 619 2614 648 2657; x_wconf 90' lang='lat' dir='ltr'>et</span> <span class='ocrx_word' id='word_1_215' title='bbox 669 2614 770 2673; x_wconf 89' lang='lat' dir='ltr'>postea</span> <span class='ocrx_word' id='word_1_216' title='bbox 794 2604 929 2657; x_wconf 86' lang='lat' dir='ltr'>aculeum</span> <span class='ocrx_word' id='word_1_217' title='bbox 955 2614 984 2657; x_wconf 90' lang='lat' dir='ltr'>et</span> <span class='ocrx_word' id='word_1_218' title='bbox 1006 2601 1257 2656; x_wconf 86' lang='lat' dir='ltr'>immedicabilem</span> 
     </span>
     <span class='ocr_line' id='line_1_27' title="bbox 200 2688 1258 2766; baseline -0.004 -16"><span class='ocrx_word' id='word_1_219' title='bbox 200 2696 361 2764; x_wconf 84' lang='lat' dir='ltr'>singultum</span> <span class='ocrx_word' id='word_1_220' title='bbox 379 2695 543 2766; x_wconf 86' lang='lat' dir='ltr'>relinquant</span> <span class='ocrx_word' id='word_1_221' title='bbox 559 2695 595 2749; x_wconf 89' lang='lat' dir='ltr'>de</span> <span class='ocrx_word' id='word_1_222' title='bbox 606 2694 743 2749; x_wconf 87' lang='lat' dir='ltr'>Ecclesia</span> <span class='ocrx_word' id='word_1_223' title='bbox 755 2688 924 2766; x_wconf 85' lang='lat' dir='ltr'>perdita,⁶)</span> <span class='ocrx_word' id='word_1_224' title='bbox 941 2704 971 2749; x_wconf 91' lang='lat' dir='ltr'>et</span> <span class='ocrx_word' id='word_1_225' title='bbox 988 2692 1169 2748; x_wconf 81' lang='lat' dir='ltr'>reaedificata</span> <span class='ocrx_word' id='word_1_226' title='bbox 1186 2693 1258 2747; x_wconf 91' lang='lat' dir='ltr'>abo.</span> 
     </span>
     <span class='ocr_line' id='line_1_28' title="bbox 177 2785 703 2844; baseline 0.01 -6"><span class='ocrx_word' id='word_1_227' title='bbox 177 2785 370 2839; x_wconf 78' lang='lat' dir='ltr'>minatione.</span> <span class='ocrx_word' id='word_1_228' title='bbox 641 2838 643 2844; x_wconf 30' lang='lat' dir='ltr'>r</span> <span class='ocrx_word' id='word_1_229' title='bbox 694 2827 703 2843; x_wconf 51' lang='grc' dir='ltr'><strong>ι</strong></span> 
     </span>
     <span class='ocr_line' id='line_1_29' title="bbox 263 2871 1254 2944; baseline -0.001 -16"><span class='ocrx_word' id='word_1_230' title='bbox 263 2874 375 2928; x_wconf 87' lang='lat' dir='ltr'>Posset</span> <span class='ocrx_word' id='word_1_231' title='bbox 386 2874 461 2929; x_wconf 87' lang='lat' dir='ltr'>haec</span> <span class='ocrx_word' id='word_1_232' title='bbox 479 2876 558 2929; x_wconf 87' lang='lat' dir='ltr'>fraus</span> <span class='ocrx_word' id='word_1_233' title='bbox 578 2873 616 2937; x_wconf 87' lang='lat' dir='ltr'>(si</span> <span class='ocrx_word' id='word_1_234' title='bbox 635 2873 756 2928; x_wconf 90' lang='lat' dir='ltr'>omnino</span> <span class='ocrx_word' id='word_1_235' title='bbox 775 2873 906 2944; x_wconf 88' lang='lat' dir='ltr'>pervim</span> <span class='ocrx_word' id='word_1_236' title='bbox 923 2871 1149 2934; x_wconf 86' lang='lat' dir='ltr'>obtruderetur)</span> <span class='ocrx_word' id='word_1_237' title='bbox 1166 2873 1254 2928; x_wconf 89' lang='lat' dir='ltr'>etiam</span> 
     </span>
     <span class='ocr_line' id='line_1_30' title="bbox 201 2960 1253 3034; baseline -0.002 -18"><span class='ocrx_word' id='word_1_238' title='bbox 201 2961 230 3016; x_wconf 92' lang='lat' dir='ltr'>in</span> <span class='ocrx_word' id='word_1_239' title='bbox 254 2960 316 3015; x_wconf 83' lang='lat' dir='ltr'>hoc</span> <span class='ocrx_word' id='word_1_240' title='bbox 342 2962 543 3032; x_wconf 84' lang='lat' dir='ltr'>deprehendi,</span> <span class='ocrx_word' id='word_1_241' title='bbox 573 2964 596 3017; x_wconf 86' lang='lat' dir='ltr'>si</span> <span class='ocrx_word' id='word_1_242' title='bbox 624 2962 792 3034; x_wconf 79' lang='lat' dir='ltr'>Episcopus</span> <span class='ocrx_word' id='word_1_243' title='bbox 819 2961 1045 3032; x_wconf 86' lang='lat' dir='ltr'>Herbipolensis</span> <span class='ocrx_word' id='word_1_244' title='bbox 1070 2978 1131 3015; x_wconf 92' lang='lat' dir='ltr'>non</span> <span class='ocrx_word' id='word_1_245' title='bbox 1154 2963 1253 3017; x_wconf 83' lang='lat' dir='ltr'>solum</span> 
     </span>
     <span class='ocr_line' id='line_1_31' title="bbox 199 3053 1252 3126; baseline 0 -20"><span class='ocrx_word' id='word_1_246' title='bbox 199 3055 384 3126; x_wconf 88' lang='lat' dir='ltr'>praeciperet</span> <span class='ocrx_word' id='word_1_247' title='bbox 410 3055 483 3121; x_wconf 87' lang='lat' dir='ltr'>illis,</span> <span class='ocrx_word' id='word_1_248' title='bbox 506 3072 634 3126; x_wconf 87' lang='lat' dir='ltr'>quorum</span> <span class='ocrx_word' id='word_1_249' title='bbox 655 3054 728 3109; x_wconf 86' lang='lat' dir='ltr'>Dux</span> <span class='ocrx_word' id='word_1_250' title='bbox 752 3066 817 3121; x_wconf 88' lang='lat' dir='ltr'>est,</span> <span class='ocrx_word' id='word_1_251' title='bbox 840 3054 891 3107; x_wconf 89' lang='lat' dir='ltr'>sed</span> <span class='ocrx_word' id='word_1_252' title='bbox 915 3054 1001 3109; x_wconf 86' lang='lat' dir='ltr'>simul</span> <span class='ocrx_word' id='word_1_253' title='bbox 1026 3053 1097 3119; x_wconf 85' lang='lat' dir='ltr'>illis,</span> <span class='ocrx_word' id='word_1_254' title='bbox 1123 3069 1252 3124; x_wconf 88' lang='lat' dir='ltr'>quorum</span> 
     </span>
     <span class='ocr_line' id='line_1_32' title="bbox 156 3138 1253 3219; baseline -0.005 -20"><span class='ocrx_word' id='word_1_255' title='bbox 156 3201 159 3205; x_wconf 15' lang='grc' dir='ltr'><em>Α</em></span> <span class='ocrx_word' id='word_1_256' title='bbox 198 3143 368 3219; x_wconf 84' lang='lat' dir='ltr'>Episcopus</span> <span class='ocrx_word' id='word_1_257' title='bbox 387 3154 445 3200; x_wconf 88' lang='lat' dir='ltr'>est:</span> <span class='ocrx_word' id='word_1_258' title='bbox 470 3144 513 3198; x_wconf 83' lang='lat' dir='ltr'>sic</span> <span class='ocrx_word' id='word_1_259' title='bbox 532 3143 557 3198; x_wconf 90' lang='lat' dir='ltr'>si</span> <span class='ocrx_word' id='word_1_260' title='bbox 574 3143 653 3214; x_wconf 86' lang='lat' dir='ltr'>Papa</span> <span class='ocrx_word' id='word_1_261' title='bbox 672 3143 853 3215; x_wconf 90' lang='lat' dir='ltr'>praeciperet</span> <span class='ocrx_word' id='word_1_262' title='bbox 869 3160 928 3196; x_wconf 94' lang='lat' dir='ltr'>non</span> <span class='ocrx_word' id='word_1_263' title='bbox 948 3142 1045 3197; x_wconf 88' lang='lat' dir='ltr'>solnm</span> <span class='ocrx_word' id='word_1_264' title='bbox 1064 3138 1187 3196; x_wconf 86' lang='lat' dir='ltr'>subditis</span> <span class='ocrx_word' id='word_1_265' title='bbox 1206 3141 1253 3195; x_wconf 91' lang='lat' dir='ltr'>sui</span> 
     </span>
     <span class='ocr_line' id='line_1_33' title="bbox 199 3225 1257 3303; baseline -0.002 -17"><span class='ocrx_word' id='word_1_266' title='bbox 199 3232 320 3286; x_wconf 90' lang='lat' dir='ltr'>dominii</span> <span class='ocrx_word' id='word_1_267' title='bbox 334 3233 502 3303; x_wconf 88' lang='lat' dir='ltr'>temporalis</span> <span class='ocrx_word' id='word_1_268' title='bbox 515 3242 572 3286; x_wconf 90' lang='lat' dir='ltr'>etc.</span> <span class='ocrx_word' id='word_1_269' title='bbox 582 3225 611 3295; x_wconf 81' lang='lat'>⁷)</span> <span class='ocrx_word' id='word_1_270' title='bbox 640 3233 789 3288; x_wconf 87' lang='lat' dir='ltr'>llactenus</span> <span class='ocrx_word' id='word_1_271' title='bbox 802 3231 926 3301; x_wconf 87' lang='lat' dir='ltr'>potestis</span> <span class='ocrx_word' id='word_1_272' title='bbox 940 3231 1106 3285; x_wconf 86' lang='lat' dir='ltr'>concedere</span> <span class='ocrx_word' id='word_1_273' title='bbox 1123 3242 1187 3284; x_wconf 89' lang='lat' dir='ltr'>tuto</span> <span class='ocrx_word' id='word_1_274' title='bbox 1199 3250 1257 3302; x_wconf 87' lang='lat' dir='ltr'>po.</span> 
     </span>
     <span class='ocr_line' id='line_1_34' title="bbox 191 3311 1255 3399; baseline -0.005 -23"><span class='ocrx_word' id='word_1_275' title='bbox 191 3332 335 3399; x_wconf 69' lang='lat' dir='ltr'>testatem</span> <span class='ocrx_word' id='word_1_276' title='bbox 347 3322 538 3376; x_wconf 87' lang='lat' dir='ltr'>traditionum</span> <span class='ocrx_word' id='word_1_277' title='bbox 549 3320 719 3393; x_wconf 85' lang='lat' dir='ltr'>Episcopis.</span> <span class='ocrx_word' id='word_1_278' title='bbox 754 3321 782 3374; x_wconf 89' lang='lat' dir='ltr'>Si</span> <span class='ocrx_word' id='word_1_279' title='bbox 795 3330 907 3374; x_wconf 90' lang='lat' dir='ltr'>tantum</span> <span class='ocrx_word' id='word_1_280' title='bbox 918 3312 944 3382; x_wconf 86' lang='grc'>8)</span> <span class='ocrx_word' id='word_1_281' title='bbox 958 3320 1057 3390; x_wconf 89' lang='lat' dir='ltr'>aliquo</span> <span class='ocrx_word' id='word_1_282' title='bbox 1069 3320 1138 3374; x_wconf 86' lang='lat' dir='ltr'>fuco</span> <span class='ocrx_word' id='word_1_283' title='bbox 1149 3311 1176 3385; x_wconf 84' lang='lat'>⁹)</span> <span class='ocrx_word' id='word_1_284' title='bbox 1193 3319 1255 3373; x_wconf 89' lang='lat' dir='ltr'>Ec.</span> 
     </span>
     <span class='ocr_line' id='line_1_35' title="bbox 199 3409 1254 3482; baseline 0 -17"><span class='ocrx_word' id='word_1_285' title='bbox 199 3411 289 3465; x_wconf 83' lang='lat' dir='ltr'>cleaia</span> <span class='ocrx_word' id='word_1_286' title='bbox 308 3412 543 3482; x_wconf 85' lang='lat' dir='ltr'>opprimeretur,</span> <span class='ocrx_word' id='word_1_287' title='bbox 559 3410 643 3465; x_wconf 83' lang='lat' dir='ltr'>steret</span> <span class='ocrx_word' id='word_1_288' title='bbox 660 3409 720 3476; x_wconf 85' lang='lat' dir='ltr'>hoc</span> <span class='ocrx_word' id='word_1_289' title='bbox 737 3409 800 3463; x_wconf 88' lang='lat' dir='ltr'>sinc</span> <span class='ocrx_word' id='word_1_290' title='bbox 819 3426 968 3464; x_wconf 78' lang='lat' dir='ltr'>consensu</span> <span class='ocrx_word' id='word_1_291' title='bbox 988 3422 1017 3463; x_wconf 92' lang='lat' dir='ltr'>et</span> <span class='ocrx_word' id='word_1_292' title='bbox 1033 3410 1118 3480; x_wconf 90' lang='lat' dir='ltr'>culpa</span> <span class='ocrx_word' id='word_1_293' title='bbox 1136 3422 1254 3466; x_wconf 83' lang='lat' dir='ltr'>nostra:</span> 
     </span>
     <span class='ocr_line' id='line_1_36' title="bbox 199 3498 1255 3573; baseline 0.001 -20"><span class='ocrx_word' id='word_1_294' title='bbox 199 3512 286 3573; x_wconf 83' lang='lat' dir='ltr'>atque</span> <span class='ocrx_word' id='word_1_295' title='bbox 312 3501 419 3555; x_wconf 86' lang='lat' dir='ltr'>vellem</span> <span class='ocrx_word' id='word_1_296' title='bbox 445 3501 472 3554; x_wconf 91' lang='lat' dir='ltr'>id</span> <span class='ocrx_word' id='word_1_297' title='bbox 497 3515 549 3555; x_wconf 88' lang='lat' dir='ltr'>eos</span> <span class='ocrx_word' id='word_1_298' title='bbox 575 3516 679 3569; x_wconf 88' lang='lat' dir='ltr'>urgere</span> <span class='ocrx_word' id='word_1_299' title='bbox 705 3509 733 3552; x_wconf 92' lang='lat' dir='ltr'>et</span> <span class='ocrx_word' id='word_1_300' title='bbox 759 3499 898 3567; x_wconf 88' lang='lat' dir='ltr'>exigere,</span> <span class='ocrx_word' id='word_1_301' title='bbox 924 3509 955 3552; x_wconf 90' lang='lat' dir='ltr'>ut</span> <span class='ocrx_word' id='word_1_302' title='bbox 978 3514 1063 3552; x_wconf 92' lang='lat' dir='ltr'>more</span> <span class='ocrx_word' id='word_1_303' title='bbox 1079 3498 1255 3570; x_wconf 87' lang='lat' dir='ltr'>Principum</span> 
     </span>
     <span class='ocr_line' id='line_1_37' title="bbox 199 3587 1253 3662; baseline -0.001 -16"><span class='ocrx_word' id='word_1_304' title='bbox 199 3591 423 3647; x_wconf 87' lang='lat' dir='ltr'>admitterentur</span> <span class='ocrx_word' id='word_1_305' title='bbox 433 3607 501 3644; x_wconf 91' lang='lat' dir='ltr'>cum</span> <span class='ocrx_word' id='word_1_306' title='bbox 520 3590 581 3646; x_wconf 91' lang='lat' dir='ltr'>suis</span> <span class='ocrx_word' id='word_1_307' title='bbox 600 3587 824 3655; x_wconf 89' lang='lat' dir='ltr'>traditionibus,</span> <span class='ocrx_word' id='word_1_308' title='bbox 843 3605 902 3644; x_wconf 92' lang='lat' dir='ltr'>non</span> <span class='ocrx_word' id='word_1_309' title='bbox 918 3604 1002 3643; x_wconf 91' lang='lat' dir='ltr'>more</span> <span class='ocrx_word' id='word_1_310' title='bbox 1015 3587 1253 3662; x_wconf 81' lang='lat' dir='ltr'>Episcoporum:</span> 
     </span>
    </p>
   </div>
   <div class='ocr_carea' id='block_1_5' title="bbox 196 3819 1249 4028">
    <p class='ocr_par' dir='ltr' id='par_1_7' title="bbox 196 3819 1249 4028">
     <span class='ocr_line' id='line_1_38' title="bbox 245 3819 1249 3877; baseline -0.002 -12"><span class='ocrx_word' id='word_1_311' title='bbox 245 3826 266 3872; x_wconf 80' lang='lat' dir='ltr'>tt</span> <span class='ocrx_word' id='word_1_312' title='bbox 281 3823 305 3867; x_wconf 69' lang='grc' dir='ltr'>(ἶ.</span> <span class='ocrx_word' id='word_1_313' title='bbox 322 3823 447 3869; x_wconf 74' lang='lat' dir='ltr'>toleretur.</span> <span class='ocrx_word' id='word_1_314' title='bbox 497 3823 519 3873; x_wconf 82' lang='grc'>2)</span> <span class='ocrx_word' id='word_1_315' title='bbox 538 3821 628 3870; x_wconf 59' lang='lat' dir='ltr'>Quoti.</span> <span class='ocrx_word' id='word_1_316' title='bbox 643 3819 662 3866; x_wconf 84' lang='lat' dir='ltr'>si</span> <span class='ocrx_word' id='word_1_317' title='bbox 676 3819 761 3866; x_wconf 81' lang='lat' dir='ltr'>velint.</span> <span class='ocrx_word' id='word_1_318' title='bbox 810 3823 833 3873; x_wconf 80' lang='grc'>3)</span> <span class='ocrx_word' id='word_1_319' title='bbox 853 3820 976 3872; x_wconf 81' lang='lat' dir='ltr'>c.†uos.</span> <span class='ocrx_word' id='word_1_320' title='bbox 1030 3821 1054 3870; x_wconf 84' lang='lat' dir='ltr'>dl</span> <span class='ocrx_word' id='word_1_321' title='bbox 1069 3819 1249 3877; x_wconf 51' lang='lat' dir='ltr'>(innodato.</span> 
     </span>
     <span class='ocr_line' id='line_1_39' title="bbox 197 3893 1249 3953; baseline -0.006 -10"><span class='ocrx_word' id='word_1_322' title='bbox 197 3902 219 3947; x_wconf 73' lang='lat' dir='ltr'>ll</span> <span class='ocrx_word' id='word_1_323' title='bbox 242 3898 265 3940; x_wconf 74' lang='grc' dir='ltr'>(ἶ.</span> <span class='ocrx_word' id='word_1_324' title='bbox 285 3898 358 3953; x_wconf 72' lang='lat' dir='ltr'>prius,</span> <span class='ocrx_word' id='word_1_325' title='bbox 408 3899 431 3946; x_wconf 80' lang='lat' dir='ltr'>t&gt;</span> <span class='ocrx_word' id='word_1_326' title='bbox 446 3896 470 3941; x_wconf 87' lang='lat' dir='ltr'>C.</span> <span class='ocrx_word' id='word_1_327' title='bbox 485 3896 588 3953; x_wconf 78' lang='lat' dir='ltr'>prodiit.</span> <span class='ocrx_word' id='word_1_328' title='bbox 638 3896 661 3947; x_wconf 85' lang='grc'>7)</span> <span class='ocrx_word' id='word_1_329' title='bbox 681 3893 944 3948; x_wconf 52' lang='lat' dir='ltr'>causandus</span> <span class='ocrx_word' id='word_1_330' title='bbox 993 3893 1175 3941; x_wconf 68' lang='lat' dir='ltr'>atstuurtt.</span> <span class='ocrx_word' id='word_1_331' title='bbox 1195 3898 1249 3940; x_wconf 89' lang='lat' dir='ltr'>lum.</span> 
     </span>
     <span class='ocr_line' id='line_1_40' title="bbox 196 3970 965 4028; baseline -0.007 -12"><span class='ocrx_word' id='word_1_332' title='bbox 196 3972 352 4028; x_wconf 55' lang='lat' dir='ltr'>stupacio</span> <span class='ocrx_word' id='word_1_333' title='bbox 385 3970 391 3989; x_wconf 76' lang='lat'>²</span> <span class='ocrx_word' id='word_1_334' title='bbox 961 3988 965 3995; x_wconf 94' lang='lat'>·</span> 
     </span>
    </p>
   </div>
   <div class='ocr_carea' id='block_1_6' title="bbox 0 0 1298 4696">
    <p class='ocr_par' dir='ltr' id='par_1_8' title="bbox 0 0 1298 4696">
     <span class='ocr_line' id='line_1_41' title="bbox 0 0 1298 4696; baseline 0 1"><span class='ocrx_word' id='word_1_335' title='bbox 0 0 1298 4696; x_wconf 95' lang='lat' dir='ltr'> </span> 
     </span>
    </p>
   </div>
  </div>
 </body>
</html>
