2586 4696
176 279 239 351 sut
474 352 477 356 ,
659 286 750 383 esst.

175 443 207 499 ia
223 442 319 514 legem
336 440 479 512 dlviuam,
502 457 578 515 quae
596 440 685 500 dicit:
714 440 809 520 Quod
823 440 913 498 Deus
929 442 1115 513 conjunxit,
1136 439 1233 496 homo

175 545 242 588 non
257 538 394 604 separet.
429 531 511 607 Quid
528 542 574 587 est
589 531 706 589 homo?
728 547 790 587 aon
807 542 942 604 separet,
961 549 1036 603 quos
1055 532 1143 586 Deus
1161 547 1234 585 con.

169 622 272 694 junxit
288 621 353 678 sive
370 621 521 690 ordinato,
545 622 610 677 aive
630 622 845 695 permittendo,
871 622 940 694 quia
965 638 1017 676 sua
1042 622 1231 692 conjunctio,

173 699 238 769 aive
254 711 303 767 liat
314 713 402 783 jure,
420 714 484 768 eive
502 714 581 766 facto
596 711 746 779 humano,
762 710 901 783 superior
918 720 963 767 est
978 710 1162 766 ordinatione
1176 710 1233 765 hu.

171 784 268 858 mana.
302 801 329 857 si
347 802 435 873 igitur
451 811 580 872 pugnant
593 818 672 856 nunc
686 802 767 870 leges
779 801 868 866 istae,
886 800 1094 873 provideatur,
1110 819 1149 856 ne
1160 802 1241 858 Reat'=

171 886 295 964 An'gliae
312 902 414 948 servet
430 891 526 962 legem
542 891 721 959 humanam,
738 900 772 946 ut
788 900 897 961 peccet
914 891 943 945 ia
960 891 1106 959 divinam,
1126 891 1180 946 sed
1198 902 1231 946 at

170 992 272 1040 servet
288 983 386 1054 legem
401 982 547 1047 divinam,
565 981 730 1036 remittatur
742 980 787 1050 ei,
806 981 924 1052 siquod
939 994 1021 1036 esset
1034 982 1230 1037 commissum

169 1083 329 1147 peccatum
345 1073 375 1128 in
389 1072 486 1142 legem
500 1070 670 1126 humanam.
705 1069 869 1145 Quamvis,
887 1080 919 1125 ut
930 1071 1009 1139 dixi,
1027 1072 1076 1126 irbi
1092 1072 1168 1143 Papa
1184 1073 1231 1125 vol

171 1164 283 1219 Caesar
307 1162 354 1227 (si
371 1161 508 1217 caesana
531 1162 612 1231 leget
636 1160 790 1231 agnoscit)
816 1162 1054 1233 dispensaverint
1078 1161 1155 1216 bene
1181 1162 1231 1216 vel

91 1254 95 1260 '
169 1253 265 1322 male,
285 1251 400 1307 nullum
417 1262 463 1308 est
480 1263 635 1321 peccatum
652 1249 704 1306 ibi.

236 1341 354 1412 Habes,
371 1342 412 1396 mi
429 1339 559 1409 Antoni,
583 1355 681 1394 meam
698 1340 874 1397 sententiam
893 1340 920 1395 io
938 1341 1035 1396 sinum
1054 1352 1139 1397 tunm
1157 1344 1231 1398 effu.

169 1448 244 1489 um.
274 1421 394 1488 ‘Nerato
406 1429 502 1500 enim,
520 1447 556 1485 an
573 1447 639 1486 eam
655 1429 800 1503 publicari
818 1431 889 1486 utile
905 1430 1014 1499 sit„ne
1033 1433 1108 1486 forte
1127 1449 1228 1487 meum

167 1531 280 1579 nomen
296 1521 369 1577 huic
386 1537 493 1577 causae
508 1521 600 1590 magia
617 1530 740 1589 noceat,
766 1519 848 1594 quod
872 1537 960 1593 quam
986 1523 1023 1576 sit
1048 1522 1178 1586 invisum
1199 1533 1231 1577 et

168 1611 384 1680 abominabile,
402 1611 473 1667 satis
490 1611 588 1677 nosti,
606 1611 662 1679 ita,
680 1621 728 1679 ut,
748 1610 864 1666 etiamsi
881 1627 951 1665 vera
968 1611 1094 1681 dixero,
1113 1623 1228 1681 tamen,

168 1703 238 1760 odio
256 1694 385 1761 nominis
401 1701 460 1756 ntei
479 1700 668 1756 damnentur:
695 1713 792 1755 tamen
815 1711 847 1754 ut
864 1718 933 1756 cum
953 1701 1053 1756 amicis
1073 1703 1173 1773 possis
1192 1701 1230 1756 de

167 1808 235 1850 mea
252 1792 395 1849 sententia
412 1802 497 1847 certo
510 1791 677 1862 disputare,
695 1790 805 1862 patior,
824 1801 856 1846 ut
876 1806 931 1862 pro
944 1801 996 1847 tuo
1020 1792 1144 1847 arbitrio
1164 1809 1231 1847 eam

168 1882 219 1938 vel
236 1898 353 1954 premas
370 1883 418 1937 vel
437 1881 581 1954 publices.
617 1879 761 1952 Optarem
782 1897 869 1946 sane,
896 1880 950 1936 nisi
974 1881 1073 1935 odium
1099 1883 1230 1936 nominis

144 2039 147 2044 Δ
168 1973 227 2028 mei
244 1971 395 2041 obstaret,
414 1989 480 2026 eant
499 1973 680 2040 profuturam
696 1970 772 2040 Regi
787 1982 817 2025 et
828 1971 978 2041 Reginae,
994 1989 1030 2026 ne
1049 1973 1229 2031 seduceren.

168 2073 220 2119 tur
235 2073 265 2116 et
282 2061 504 2133 impellerentur
520 2079 536 2114 a
554 2059 697 2130 sophistis
714 2060 744 2115 in
762 2070 820 2114 tam
838 2061 984 2115 nefarium
1004 2073 1032 2115 et
1049 2063 1228 2116 sceleratum

106 2159 108 2162 ’
169 2151 348 2218 divortium,
366 2167 426 2223 quo
444 2152 522 2206 sacto
540 2160 712 2221 perpetuam
729 2151 926 2206 calamitatem
942 2152 1139 2206 conscientiae
1156 2162 1228 2206 stant

87 2307 103 2335 ἱ
159 2242 296 2322 ¹passuri.
331 2242 388 2297 Sed
406 2239 548 2313 quicquid
559 2239 722 2310 succiderit,
749 2241 813 2296 sive
830 2241 991 2296 divortium
1007 2242 1083 2297 istud
1102 2242 1166 2312 jam
1184 2244 1231 2300 ia.

170 2345 255 2388 ctum
273 2338 335 2401 est,
359 2332 423 2387 sive
440 2330 510 2386 Rex
534 2329 693 2400 impellitur
716 2330 874 2387 autoritate
900 2331 1025 2386 aliorum
1049 2331 1227 2400 doctorum,

170 2433 204 2478 at
215 2423 370 2477 divortium
384 2421 486 2476 iaciat:
505 2433 537 2473 tu
549 2431 647 2475 tamen
659 2419 843 2475 dissuadebis
856 2421 979 2487 amicis,
997 2421 1229 2493 quibuscunque

172 2514 301 2586 poteris,
328 2523 360 2568 ιιι
384 2512 446 2567 hoc
471 2510 631 2564 divortium
658 2510 851 2567 detestentur.
893 2517 992 2582 Atque
1020 2512 1044 2566 si
1070 2513 1232 2567 adversarii

171 2605 288 2674 Regem
305 2603 427 2664 omnino
445 2602 592 2673 ceperint,
612 2611 725 2655 tentent
742 2603 836 2656 nostri
854 2601 934 2656 omni
948 2602 1064 2669 studio,
1083 2612 1114 2655 ut
1127 2604 1232 2656 saltem

172 2696 318 2765 Reginam
335 2702 475 2760 servent,
501 2709 538 2745 ne
556 2692 616 2745 ullo
635 2692 724 2746 modo
742 2692 905 2747 consentiat
923 2692 950 2745 in
971 2692 1151 2759 divortium,
1179 2694 1233 2746 sed

71 2851 74 2862 ζ
173 2785 272 2856 potius
290 2784 447 2849 moriatur,
470 2799 559 2853 quam
578 2798 658 2834 ream
676 2781 891 2837 conscientiam
908 2783 994 2836 saciat
1011 2782 1080 2836 tanti
1099 2783 1232 2836 criminis

174 2890 277 2930 coram
290 2874 380 2939 Deo,
397 2873 627 2943 firmissimeque
644 2872 762 2939 credat,
781 2887 850 2926 sese
863 2888 931 2926 esse
944 2887 1045 2925 veram
1059 2870 1233 2940 legitimam.

175 2981 234 3036 que
251 2962 552 3034 Reginainssngliae,
578 2961 614 3015 ab
640 2961 705 3032 ipso
726 2962 794 3017 Deo
820 2962 864 3018 sic
890 2962 997 3015 factam
1021 2972 1050 3015 et
1068 2960 1232 3032 probatam.

174 3055 248 3110 Non
263 3065 309 3107 est
327 3053 405 3107 enim
424 3053 670 3124 permittendum,
689 3061 721 3106 ut
739 3051 814 3107 lalso
833 3051 958 3106 crimine
976 3068 1008 3105 se
1026 3043 1145 3120 gravet,
1163 3069 1235 3122 pec.

176 3155 275 3199 catum
294 3153 352 3197 tam
370 3143 478 3211 grande
497 3142 721 3212 credat‚<quod
743 3141 857 3195 nullum
875 3154 928 3196 est.
961 3141 1028 3195 lloc
1052 3153 1133 3194 esset
1156 3141 1234 3195 enim

156 3218 365 3288 ¹menducium
387 3247 511 3286 erronea
536 3217 724 3286 conscientia
742 3231 847 3285 timere
874 3240 903 3284 et
928 3231 997 3284 loco
1017 3231 1076 3284 llei
1100 3231 1233 3284 adorare.

178 3324 208 3378 Si
226 3324 304 3377 enirn
316 3322 432 3392 Regem
449 3337 569 3376 servare
588 3338 647 3376 non
664 3319 791 3391 possunt
808 3321 904 3391 (quod
916 3321 1002 3374 Deus
1016 3327 1154 3389 avertat),
1173 3336 1235 3374 ser.

178 3425 249 3469 vent
265 3413 370 3467 saltem
387 3428 475 3466 unam
491 3411 622 3480 Reginae
641 3415 782 3478 animam,
800 3422 833 3463 ut
848 3410 925 3480 ipsa,
944 3411 969 3464 si
987 3411 1147 3465 divortium
1164 3428 1235 3481 pro.

177 3504 275 3560 laiberi
293 3521 352 3557 non
372 3515 486 3574 potest,
510 3502 584 3556 ferat
608 3494 668 3556 hoc
692 3516 830 3569 magnum
852 3501 962 3553 malum
989 3504 1135 3553 inanimae
1159 3501 1234 3570 inju.

178 3594 259 3663 riae}
281 3592 358 3647 sicut
382 3608 504 3646 crucem
528 3607 631 3658 suam,
655 3591 709 3646 sed
726 3605 912 3662 nequaquam
929 3590 1076 3661 approbet
1094 3600 1141 3643 atat
1161 3607 1234 3645 con.

181 3684 299 3741 sentiat.
331 3680 398 3751 Ego
416 3682 467 3753 qui
484 3681 559 3736 aliud
577 3698 638 3737 non
654 3694 799 3753 possum,
817 3680 946 3734 oratione
963 3696 1050 3734 versa
1067 3681 1102 3733 ad
1120 3680 1233 3748 Deum,

180 3786 212 3830 ut
229 3773 364 3829 Christus
381 3771 442 3824 hoo
460 3771 631 3861 divertimus
637 3771 793 3843 impediat,
819 3781 849 3824 et
866 3770 987 3825 infatuet
1003 3770 1124 3824 consilia
1143 3771 1234 3825 Aeni.

180 3863 310 3937 tophelis
322 3862 390 3917 illud
402 3862 569 3931 suadentis,
580 3871 629 3915 aut
641 3862 666 3914 si
678 3860 818 3931 impedire
830 3877 890 3914 non
903 3861 1045 3929 voluerit,
1060 3871 1090 3914 ut
1101 3860 1241 3930 Reginae¹

182 3956 289 4011 saltem
313 3954 424 4010 fortem
447 3951 535 4009 fidem
558 3963 589 4008 et
613 3963 801 4009 constantem
824 3962 998 4027 certamque
1020 3951 1234 4007 conscientiam
