2586 4696
188 333 209 403 d
664 343 766 414 4530.

235 497 287 550 meu
301 497 436 545 fluddeua
450 509 472 555 p.
481 499 516 547 u.
530 499 575 549 aui
589 499 757 547 coelestin.
771 500 800 546 ιι.
810 501 840 547 Α.
850 499 875 548 c.
885 499 944 551 lla.
955 501 977 547 b.
991 500 1039 548 unt
1052 501 1101 548 iun
1114 501 1173 554 ura.
1186 499 1246 558 lia..

185 571 288 623 torturi]
303 571 401 623 ιιιιιιιιιιι
416 573 475 619 cod.
488 573 543 620 Jen.
558 573 580 619 b.
593 575 639 622 eu.
654 574 686 628 ι,
700 575 746 621 uui
760 573 926 623 aurifaber
939 574 980 621 ιιι.
994 574 1013 620 i.
1027 578 1047 623 ⁹.
1061 574 1107 621 ιιιι
1119 575 1248 630 aetatium

185 646 266 700 ιιιιιιι.
292 646 392 701 brutio
406 646 446 700 bru
463 646 558 699 {satu
571 647 636 694 ιιιί.
649 650 709 696 2125.

181 780 330 898 Gratiam
348 839 378 884 et
389 846 494 906 pacem
512 830 541 885 in
554 829 677 915 Christo
688 831 777 886 Jesu.
812 830 955 886 Sedemus
971 829 1091 885 tandem
1100 826 1154 884 hio
1172 829 1249 885 inter

183 917 283 971 nubila
301 934 431 991 vereque
448 919 478 974 in
496 922 653 974 volucrum
671 937 782 990 regno,
799 934 977 975 suavissime
988 920 1079 975 Jona
1114 915 1249 1000 Namut

184 1018 316 1062 caeteras
334 1024 405 1063 aves
422 1019 551 1077 taceam,
575 1026 700 1080 quarum
718 1020 765 1064 est
782 1020 860 1064 tanta
878 1010 1017 1065 conlusio
1035 995 1193 1077 cantuum,
1211 1017 1247 1065 ut

182 1109 390 1172 tempestatem
408 1113 566 1172 superent,
592 1102 673 1172 ipsae
691 1101 868 1156 monedulae
886 1117 942 1156 seu
959 1102 1043 1155 corvi
1061 1110 1143 1155 recta
1166 1108 1195 1155 ct
1214 1099 1247 1158 in

182 1199 347 1261 prospectu
366 1200 471 1247 nostro
483 1206 589 1245 nemus
605 1190 754 1262 quoddam
773 1200 923 1262 occupant
941 1201 1047 1244 totum.
1081 1187 1132 1256 ild)
1146 1188 1247 1252 ιιιιιιιιι

183 1280 216 1337 ba
235 1277 275 1345 itu
293 1279 336 1338 rin
355 1275 479 1338 &tiatira
503 1278 539 1332 ab
556 1277 633 1333 hora
650 1289 753 1351 quarta
770 1296 856 1333 mane
873 1290 937 1335 toto
955 1280 1001 1334 die
1027 1270 1262 1348 infatigabiliter

181 1368 445 1440 incessanterque,
469 1369 546 1422 tone
564 1378 594 1423 et
617 1355 671 1439 per
694 1378 788 1423 totam
804 1379 944 1437 noctem,
969 1379 1002 1423 ut
1019 1369 1167 1439 majorem
1182 1368 1248 1425 vim

183 1459 282 1513 avium
305 1459 358 1512 vix
378 1458 497 1531 'uspiam
522 1457 641 1512 credam
666 1459 849 1528 congregari.
890 1458 980 1513 Nulla
1006 1469 1052 1513 est
1077 1459 1156 1512 inter
1177 1473 1248 1527 aaa,

183 1564 260 1619 quae
277 1563 337 1602 uno
349 1545 504 1601 momento
521 1555 630 1612 taceat,
648 1545 718 1616 quin
736 1547 865 1615 singulas
885 1547 1000 1616 cogaris
1018 1546 1117 1600 audire
1135 1547 1248 1603 kexan.

182 1646 247 1705 tes,
264 1639 288 1702 ¹)
313 1635 362 1690 ubi
380 1635 514 1689 seniores
533 1650 602 1688 cum
620 1634 809 1704 junioribus,
832 1647 942 1690 matres
960 1652 1029 1689 cum
1047 1634 1162 1691 filiabus
1183 1636 1269 1697 lau„

182 1725 253 1781 dant
271 1741 380 1779 nomen
392 1723 627 1778 monedulurum.
661 1724 708 1777 Ad
722 1740 862 1778 somnum
879 1725 1098 1778 conciliandum
1116 1726 1247 1782 fortasse

183 1816 271 1872 uobis
296 1815 340 1870 sic
358 1815 490 1869 suaviter
511 1814 676 1881 cantillant,
700 1813 727 1866 id
745 1813 827 1884 quod
844 1813 902 1867 hac
922 1824 1012 1868 nocte
1030 1815 1153 1869 volente
1170 1804 1246 1873 Dea

181 1907 380 1977 experiemur.
424 1901 654 1958 Nobilissimum
682 1918 776 1972 genus
804 1903 902 1956 avium
930 1913 960 1958 et
989 1903 1171 1975 reipublicae
1199 1905 1248 1975 (ut
1284 1930 1287 1935 ·

182 1997 277 2061 nosti)
296 1992 439 2064 imprimis
453 1991 655 2046 necessarium
672 2004 700 2044 et
718 1991 795 2046 utile.
829 1991 896 2061 Ego
915 1991 1093 2064 interpretor
1107 2009 1159 2049 eas
1175 2010 1246 2053 m

183 2095 281 2139 totum
304 2080 469 2136 exercitum
494 2078 696 2151 sophistarum
719 2088 749 2133 et
765 2079 989 2135 cochleitarum
1014 2097 1053 2136 ex
1075 2093 1142 2139 toro
1167 2082 1246 2141 orbe

184 2190 287 2229 coram
299 2189 346 2226 me
365 2174 629 2241 congregatorum,
647 2180 679 2223 ut
697 2185 801 2223 eorum
814 2171 984 2241 sapientiam
1002 2183 1032 2226 et
1043 2173 1246 2231 suavicinium
1272 2200 1276 2211 ·

183 2265 261 2320 istud
281 2261 384 2315 melius
402 2272 604 2330 cognoscam,
623 2268 712 2328 atque
730 2273 836 2312 eorum
854 2258 982 2313 officium
1000 2270 1031 2315 et
1046 2278 1137 2316 usum
1154 2263 1187 2318 in
1198 2280 1247 2319 re-

182 2352 301 2426 publica
317 2361 374 2404 tam
389 2349 484 2403 carnia
498 2362 586 2418 quam
604 2346 724 2416 spiritus
737 2338 806 2400 cum
819 2349 969 2418 voluptate
984 2360 1131 2420 spectem.
1164 2349 1246 2409 Hac.

180 2453 269 2499 tenus
285 2442 394 2496 nullam
412 2437 604 2511 philomelam
616 2436 775 2507 quisquam
792 2438 888 2503 audit,
905 2455 974 2492 cum
991 2449 1089 2495 tamen
1101 2456 1245 2513 praecen-

181 2545 232 2591 tor
256 2543 287 2587 et
309 2539 472 2587 succentor
492 2527 557 2596 ejus
580 2526 706 2580 cuculus
731 2527 873 2594 glorietur
893 2527 923 2581 in
944 2529 1038 2598 gloria
1059 2532 1146 2588 vocis
1168 2548 1242 2590 suae

182 2620 346 2694 magnilica.
363 2621 392 2684 2)
426 2617 517 2672 Vides
535 2632 583 2670 me
600 2616 673 2670 nihil
690 2615 819 2681 habere,
844 2618 925 2689 quod
947 2619 1093 2689 scribam,
1119 2622 1188 2679 ideo
1203 2636 1242 2681 ue

181 2714 253 2770 nihil
270 2711 453 2776 scriberem,
476 2706 601 2778 ineptire
618 2705 702 2760 libuit
720 2706 836 2776 potius,
861 2724 950 2778 quam
967 2722 1081 2779 tacere,
1106 2729 1242 2783 pracser-

181 2804 234 2858 tim
258 2802 301 2855 sic
326 2796 521 2853 clamantibus
539 2794 721 2861 monedulis‚
749 2796 867 2849 coelum
892 2807 1062 2869 terramque
1084 2816 1138 2856 aua
1157 2803 1241 2860 kexi.

181 2904 240 2948 tate
256 2887 286 2957 ³)
312 2886 510 2959 implentibus.
544 2884 696 2938 Dominus
720 2884 758 2938 sit
784 2876 956 2952 vobiscum,
984 2899 1013 2941 et
1038 2904 1163 2948 oremus
1184 2906 1239 2967 pm

179 2981 319 3037 invicem.
354 2977 403 3030 Sic
428 2990 504 3045 opus
528 2983 584 3026 est.
619 2971 759 3026 salutabis
783 2973 854 3026 mihi
871 2973 1049 3044 Magistrum
1069 2980 1240 3050 Agricolam

180 3081 213 3127 et
228 3049 386 3140 Aquilamss
411 3063 520 3136 quibus
543 3059 671 3115 scribam
697 3061 867 3132 nominatim
891 3066 1124 3135 quamprimum.
1157 3070 1240 3128 Vale.

179 3160 231 3218 Ex
254 3159 430 3223 volucrum,
461 3150 636 3225 praesertim
662 3151 887 3206 monedularum
918 3170 1029 3225 regno,
1061 3156 1238 3232 Mum,

180 3238 382 3319 mmmm

818 3357 858 3417 T.
875 3361 1024 3420 Martinus
1040 3365 1209 3428 Lutherua.
1231 3436 1235 3444 .

150 3682 152 3686 ι
183 3662 709 3703 μμ...-

231 3799 255 3846 t)
269 3792 354 3840 ιιιιιιι
368 3792 428 3840 usar.
442 3791 581 3833 coaxantes.
621 3788 644 3838 2)
659 3785 763 3832 codd
752 3814 758 3840 .
775 3788 839 3835 sicut
851 3789 921 3836 dccet
935 3790 1084 3839 hieronicam
1098 3798 1126 3842 et
1138 3801 1246 3857 aalma.

184 3872 272 3918 uistam
285 3864 444 3912 victoriosum
457 3860 617 3918 philomelae,
631 3860 744 3906 simililer
756 3864 782 3908 et
795 3862 857 3909 aliae
870 3866 1038 3912 courmrtrires
1053 3870 1106 3920 ejus
1120 3873 1237 3929 merulae.

183 3953 312 3995 carrucae,
325 3937 439 3991 alaudae,
451 3937 552 3980 strenue
563 3933 692 3980 Domuum
704 3934 853 3992 praedicent.
881 3940 904 3991 'st
917 3937 1005 3986 lludd.
1020 3941 1081 3992 ‘zar
1094 3944 1244 4002 graecitate„

181 4015 308 4076 Λιιιιιιιά.
323 4023 345 4064 α.
359 4012 390 4063 ii·
403 4012 423 4060 9.
436 4007 505 4062 alut.
