2586 4696
185 256 226 375 st
672 313 763 399 ann

186 476 291 537 augeat
303 465 335 533 .¹)
354 469 406 525 tibi
425 479 454 526 et
472 469 558 526 nobis
573 450 714 526 ,omnibus
731 470 829 525 fidem.
869 468 933 525 Hac
948 466 1051 525 habita
1063 468 1139 546 'qnid
1158 465 1244 523 faciet

184 557 269 613 Satan
288 576 358 613 cum
379 570 443 614 toto
468 561 602 616 mundo?
637 559 728 632 Quod
754 562 777 616 si
801 577 858 615 noa
881 577 943 615 non
966 560 1115 616 habemas
1139 559 1241 626 iidem,

184 663 240 701 cur
257 664 318 702 non
336 649 441 705 saitem
460 650 553 704 aliena
570 649 626 703 ride
642 665 698 703 nos
715 651 869 706 solamur?
902 649 984 725 Sunt
999 649 1078 704 enirn
1104 664 1241 704 necessa.

182 735 228 790 rio
245 736 275 803 2)
301 736 346 790 alii
371 738 421 809 qui
446 739 567 793 credant
591 738 662 792 loco
687 739 800 807 nostri,
817 736 848 806 ³>
872 738 929 794 nisi
954 734 1033 793 nulia
1055 738 1242 808 estamplius

181 823 319 880 Ecclesia
338 827 367 881 in
383 829 515 894 mundo,
534 837 563 882 et
581 822 720 883 Christus
736 827 822 882 desiit
839 843 908 883 case
920 826 1078 883 nobiscum
1091 839 1159 882 ante
1172 845 1243 882 con.

181 917 412 970 summationem
431 916 554 971 sacculi.
588 916 714 973 sienim
731 917 892 971 nobiscum
915 934 977 971 non
1002 928 1065 986 est,
1091 917 1243 986 obsecro,

181 1004 233 1059 ubi
251 1017 297 1060 est
316 1006 345 1060 in
362 1016 423 1061 toto
440 1000 574 1060 mundo?
607 1005 637 1061 Si
659 1021 717 1061 nos
736 1005 895 1072 Ecclesia,
916 1006 967 1060 vei
990 1022 1060 1077 pars
1082 1000 1245 1062 Ecclesiae

180 1112 243 1150 non
260 1111 384 1164 sumus,
401 1096 451 1149 ubi
463 1107 514 1150 cst
530 1095 692 1151 Ecclesia?
725 1098 775 1151 Aa
791 1087 822 1163 ⁴)
840 1095 946 1151 Dnces
963 1095 1127 1164 Bavadae,
1144 1096 1252 1157 Perdi.

180 1187 312 1253 naudus,
337 1186 435 1258 Papa,
461 1186 563 1241 'I'urca
589 1197 616 1240 et
640 1186 752 1241 similes
779 1195 849 1241 sunt
864 1185 1027 1242 Ecclesia?
1059 1185 1091 1240 Si
1108 1202 1166 1241 nos
1184 1203 1244 1242 noa

178 1275 332 1331 habemus.
349 1275 476 1330 verbum
500 1275 582 1343 Dei,
608 1276 658 1347 qui
685 1288 754 1330 sunt
779 1274 829 1347 qni
851 1275 984 1331 habent?
1016 1275 1046 1331 si
1064 1292 1137 1346 ergo
1155 1275 1243 1333 Deus

178 1366 355 1433 nobiscum,
373 1367 440 1437 quis
458 1376 562 1421 contra
581 1366 656 1420 nos?
690 1364 872 1421 Peccatores
889 1381 996 1422 sarnus
1007 1375 1037 1421 et
1049 1365 1173 1435 ingrati,
1191 1366 1249 1433 sed,

179 1473 240 1512 non
260 1456 326 1509 ideo
343 1456 390 1511 iile
408 1457 536 1510 mendax
554 1456 618 1510 erit.
651 1455 762 1527 Neque
779 1464 877 1511 nmen
891 1471 1053 1526 possumus
1063 1467 1243 1527 peccatores

179 1563 248 1603 csse
266 1548 295 1601 in
314 1547 365 1601 ista
383 1563 472 1603 causa
490 1558 589 1603 sancta
602 1557 631 1602 et
644 1536 788 1616 divina‚⁵)
807 1546 922 1603 etiamsi
935 1547 964 1601 in
978 1547 1092 1603 nostris
1104 1547 1162 1604 viia
1173 1547 1242 1603 mati

179 1652 296 1692 sirmas.
308 1632 335 1703 ⁶)
369 1637 426 1692 Sed
445 1649 477 1692 tu
494 1654 554 1691 non
572 1636 655 1714 audis
673 1637 737 1692 ista.
773 1637 817 1692 Ita
836 1637 921 1691 Satan
940 1647 969 1691 te
987 1635 1084 1706 affligit
1097 1646 1128 1692 et
1138 1652 1242 1704 aegro,

178 1733 242 1780 tare
261 1726 341 1781 facit.
375 1726 536 1781 Medeatur
552 1726 604 1780 tibi
623 1725 777 1791 Christus,
790 1716 820 1792 ⁷)
838 1726 919 1797 quod
930 1718 962 1791 8)
980 1725 1066 1783 valde
1079 1726 1241 1783 otnsidrre
1260 1758 1263 1762 ι

179 1833 253 1882 oro,
271 1820 379 1872 Arnen.
413 1817 511 1871 Saluta
529 1832 650 1885 omnes,
667 1833 724 1871 nec
742 1817 821 1871 enim
839 1817 978 1873 omnibus
995 1818 1095 1877 denuo
1104 1816 1243 1873 scribere

177 1923 313 1980 possum.
339 1899 365 1971 ⁹)
400 1906 483 1979 Opto
511 1907 584 1961 mihi
610 1906 671 1961 dari
696 1900 888 1961 occasionem
914 1907 1075 1963 accedendi
1099 1907 1137 1963 ad
1165 1924 1243 1978 voc,

179 1992 461 2067 quanquam,ardeo
487 1995 618 2066 injussus
645 2003 675 2050 et
699 1995 853 2050 invocatus
872 1997 908 2060 ¹⁰)
935 1997 1046 2052 venire.
1062 1995 1102 2060 ¹¹)
1129 1994 1247 2067 'Gratia'

177 2086 239 2142 Dei
257 2099 357 2140 tecum
374 2097 403 2138 ct
421 2096 489 2139 cum
507 2084 645 2140 omnibns
662 2084 769 2155 vobis,
786 2086 827 2153 ¹²)
844 2091 952 2143 Amen.
985 2085 1046 2143 'Die
1063 2085 1095 2143 S.
1111 2084 1196 2143 Petri
1211 2096 1243 2145 et

178 2174 285 2243 Pauli,
302 2192 378 2230 anno
395 2174 564 2231 MDxxx.
582 2171 639 2253 ¹³).

906 2261 1057 2323 Martinus
1080 2264 1228 2324 Lutbcr..

655 2410 693 2469 P.
727 2410 756 2464 S.

247 2524 362 2582 Cleusis
381 2525 483 2582 titteris
501 2523 603 2581 incidit
620 2525 779 2594 cogitatio,
801 2525 926 2581 tortasse
943 2525 995 2582 tibi
1012 2525 1108 2582 videri
1124 2542 1177 2583 mc
1193 2542 1250 2598 pu

180 2629 249 2672 ram
267 2617 458 2689 respondisse
476 2615 511 2669 ad
528 2615 733 2686 quaestionem
751 2626 847 2682 ruam,
874 2627 1020 2687 quantum
1042 2626 1073 2672 et
1095 2628 1244 2689 quatenns

118 2701 120 2704 ’
180 2705 408 2761 concedendum
425 2705 462 2760 sit
480 2703 669 2759 adversariis:
697 2703 750 2759 sed
766 2713 800 2758 tu
818 2703 906 2758 etiam
924 2720 1029 2774 parurn
1048 2704 1245 2777 quaesivisti,

178 2812 241 2852 non
268 2796 407 2864 signasti,
435 2811 511 2866 quae
540 2805 570 2848 et
596 2794 692 2865 qualia
719 2792 871 2847 arbitreris
900 2810 915 2846 a
939 2793 1028 2849 nobis
1055 2794 1243 2866 postutanda.

179 2884 247 2954 Ego
261 2884 345 2939 sicuti
364 2900 484 2956 semper
499 2884 618 2955 scripsi,
632 2883 730 2938 omnia
743 2883 785 2937 eis
798 2883 966 2939 concedere
980 2893 1111 2957 paratus,
1127 2895 1243 2941 tantum

179 2975 248 3029 solo
267 2973 419 3041 evangetio
437 2971 523 3026 nobis
541 2972 633 3026 libere
651 2970 811 3040 pennisso.
847 2971 939 3047 Quod
957 2984 1056 3027 autem
1069 2989 1142 3029 cum
1154 2990 1241 3029 evan.

178 3063 257 3135 gelio
286 3073 411 3134 pugnat,
439 3064 608 3116 concedere
636 3078 697 3117 non
727 3077 861 3133 possum.
902 3060 983 3138 Quid
1010 3063 1088 3119 aliud
1115 3079 1241 3139 respou-

180 3153 287 3209 deam?
305 3145 347 3218 14)

178 3302 293 3318 *ιι

230 3403 252 3448 t)
267 3398 352 3444 Bndd.
367 3400 461 3453 augeat.
498 3399 521 3452 2)
536 3388 790 3445 Auritin‘''chri.·to.
832 3400 855 3447 3)
869 3400 894 3446 s.
908 3403 1003 3447 nostro.
1044 3399 1160 3450 tibiae.
1172 3400 1240 3448 iiras

179 3472 205 3524 6)
222 3470 261 3516 st.
280 3470 304 3516 in
319 3471 365 3517 iata
376 3473 460 3516 sancta
474 3472 498 3516 et
513 3470 595 3516 divina
609 3483 686 3517 causa,
722 3474 759 3524 »6)
777 3472 802 3517 Β.
820 3471 893 3518 simus
951 3474 973 3526 7)
993 3473 1051 3520 cod.
1067 3474 1147 3521 cioca.
1167 3474 1240 3521 Dent.

122 3533 126 3543 '
180 3548 204 3596 8)
222 3548 250 3590 Α.
269 3557 346 3602 quern.
397 3547 419 3594 ⁹)
438 3544 764 3602 Fi-Satnta-possnm.
791 3546 1242 3604 (λοι.)Βοηοερεηωυωιουάο

181 3617 287 3664 comitiis
304 3618 393 3664 vestris
411 3621 452 3663 ant
470 3618 593 3671 consiliis,
612 3620 655 3664 sed
673 3619 702 3664 tle
722 3618 811 3664 Christi
829 3619 921 3665 virtute
940 3623 965 3666 et
983 3621 1107 3678 potentia.
1129 3627 1159 3669 nt
1176 3623 1242 3671 Petri

175 3693 332 3743 serbonitis
383 3691 466 3744 totFl.
484 3693 746 3738 ardeononvocatus.
798 3694 908 3746 iiiiicl
930 3694 1241 3747 straettteraeadsren·

183 3767 243 3812 tium
257 3771 282 3812 et
295 3765 427 3813 Ductorem
442 3764 569 3822 caparam
584 3764 620 3810 ire
633 3764 752 3811 debebant
765 3778 818 3810 curn
832 3766 950 3823 proximis
968 3767 1123 3833 literisksed
1142 3769 1241 3817 nuntias

181 3840 287 3892 abierat,
301 3852 354 3884 cum
367 3838 527 3884 deferrentur.
553 3837 634 3884 Saluta
647 3849 744 3893 omncs,
759 3850 836 3895 neque
851 3839 914 3885 enirn
924 3840 1033 3886 omnibns
1042 3842 1123 3888 denso
1133 3843 1241 3890 mitten

180 3924 286 3970 possum.
337 3911 524 3965 sarsinatis.
575 3913 608 3965 ts)
628 3911 702 3960 αθ).
722 3908 973 3968 tattetnrsctrtatas
1022 3917 1056 3965 tt)
1075 3914 1255 3964 striduit.-

180 3986 228 4033 trttb
245 3985 402 4040 §intrans
1079 4004 1084 4011 ·
