2586 4696
185 285 246 353 aso
622 242 625 257 ⁵
667 294 757 362 tstta

234 447 440 505 sinautem
458 459 481 506 p.
494 443 550 522 tta
566 449 666 500 aeuttu
682 449 723 500 tn
741 450 836 500 assita
854 450 917 496 xxt.
929 451 987 499 tttt.
1014 443 1070 501 tati
1087 452 1159 498 asten
1179 453 1240 498 cot.

183 521 318 650 ξὶιιζῠτιῐίώὶιῖἑ.
332 524 350 569 f.
362 522 422 569 stit.
435 523 508 571 Goth.
518 524 576 570 cod.
594 524 648 571 Jen.
663 525 684 569 b.
699 524 716 570 t.
726 527 770 572 tst.
785 527 831 573 utttt
843 525 1007 572 Auritabcr
1020 525 1061 573 111.
1074 528 1092 573 t.
1102 529 1145 573 tu.
1156 538 1179 574 u.
1190 530 1237 577 45⁹.

272 725 414 782 Nicolao
431 728 626 784 Housmam
635 769 644 797 ,
663 727 800 784 Pastori
817 727 964 802 quneae
981 691 1154 785 Ecclesiae.

183 839 330 944 Gratiam
347 898 376 943 et
392 905 496 960 pacem
515 891 544 947 in
562 891 694 962 Christo.
728 892 810 967 Quid
827 894 950 948 Senatus
967 904 1070 949 vester
1083 893 1242 964 scripserit

182 976 305 1045 adme,
329 979 452 1049 ignoro,
476 997 573 1053 nsque
595 982 673 1036 scire
695 983 785 1051 voto,
812 983 860 1038 M.
879 982 1019 1038 Nicolat:
1047 983 1115 1037 ideo
1139 983 1238 1038 literas

181 1066 247 1138 ejus
266 1070 366 1124 remisi
384 1071 512 1140 integras
530 1083 558 1126 et
574 1088 633 1128 non
651 1073 759 1142 tectas,
775 1073 843 1145 quia
861 1071 983 1128 decrevi
1000 1073 1177 1145 simpliciter
1189 1092 1239 1129 me

181 1158 258 1212 veile
275 1175 373 1231 neque
391 1160 491 1214 audire
509 1177 605 1230 neque
622 1162 723 1217 videre
737 1179 836 1234 neque
848 1163 947 1233 legere
961 1177 1030 1231 eas,
1049 1163 1103 1217 sed
1115 1164 1239 1218 omnino

181 1244 308 1302 alienum
330 1263 400 1304 csse
424 1248 461 1304 ab
483 1266 588 1304 cortun
613 1251 767 1307 consortio
785 1262 813 1306 et
830 1267 932 1322 opere.
966 1250 1100 1307 Remitto
1119 1269 1190 1322 ergo
1210 1255 1239 1319 1)

181 1351 285 1392 eorum
308 1337 407 1394 literas
431 1338 546 1409 prietes
570 1341 657 1395 simui
682 1359 697 1394 a
720 1357 768 1394 me
793 1342 913 1413 quidem
938 1354 1071 1413 apertas,
1100 1343 1153 1396 sed
1178 1359 1239 1397 non

179 1425 272 1483 lectas
281 1418 296 1495 ,’
314 1443 382 1482 cum
401 1428 558 1498 vidissem,
578 1446 644 1484 esse
663 1431 814 1501 Cygneas,
831 1447 889 1484 una
907 1447 976 1484 cum
999 1429 1137 1501 Stephani
1154 1430 1240 1485 Roth

179 1516 274 1572 literis
300 1516 399 1574 adhuc
424 1519 556 1588 integris.
600 1518 687 1575 Venit
712 1520 788 1574 fama
817 1521 851 1574 ad
880 1537 929 1575 mc
958 1519 1137 1586 certissima,
1165 1520 1237 1592 quid

179 1606 301 1679 Targae
319 1617 350 1665 ct
366 1610 480 1680 loquuti
500 1620 529 1665 et
546 1611 660 1679 operati
679 1610 737 1665 sint
752 1619 857 1664 contra
869 1626 934 1679 me,
952 1610 1020 1665 idco
1032 1605 1112 1673 itiittt
1125 1606 1157 1675 tt
1170 1608 1238 1676 mid)
1256 1601 1259 1605 ⁴

178 1695 322 1759 utititas
341 1696 455 1760 mittini
474 1711 661 1758 unstrnnrren
679 1699 706 1764 2)
724 1698 821 1765 ίαῆιιιι
844 1697 882 1761 iti
899 1696 955 1757 niti
972 1699 1014 1762 itt
1031 1696 1126 1768 ntttt
1144 1699 1238 1768 tetta.

178 1784 323 1859 Denique
341 1789 427 1855 simui
445 1788 530 1841 mitto
548 1788 663 1855 literas,
685 1804 757 1860 quas
776 1789 811 1841 ad
828 1798 858 1842 te
876 1788 946 1843 darc
963 1788 1125 1842 meditabar
1142 1788 1238 1857 signa.

178 1885 224 1932 tas
243 1875 326 1931 litera
343 1876 379 1931 B.
397 1875 425 1943 *)
459 1877 509 1931 Tu
529 1877 655 1944 videtis,
672 1874 700 1943 3)
726 1868 797 1950 quid
821 1877 870 1931 tibi
897 1878 936 1932 sit
959 1877 1137 1932 faciendum.
1171 1879 1239 1948 Ego

178 1966 325 2045 studebo,
343 1984 380 2021 ne
397 1960 547 2038 particeps
564 1969 623 2023 aitn'
636 1982 742 2022 eorum
759 1968 815 2022 uita
832 1968 1047 2039 parteconsitii
1061 1978 1111 2023 ant
1124 1969 1238 2039 operis,

180 2052 272 2128 Quod
291 2053 324 2107 ad
344 2070 396 2110 eos
413 2065 496 2110 antea
513 2057 638 2126 scripsi,
664 2055 808 2127 scriptum
826 2046 876 2112 sit.¹
908 2055 965 2111 Sed
983 2067 1013 2111 et
1030 2056 1238 2113 concionatori

177 2153 297 2198 sanctae
315 2144 488 2200 Catharinae
513 2145 634 2213 scribo,
658 2145 723 2216 ejus
749 2145 964 2202 conscientiam
980 2137 1011 2212 ⁴)
1037 2149 1237 2214 conveniens,

179 2249 236 2308 cur
247 2224 276 2297 ⁵)
294 2234 333 2288 sit
350 2249 439 2297 ausus
456 2243 484 2288 tc
502 2232 671 2288 inconsulto
689 2235 859 2306 praedicare
877 2235 905 2289 in
921 2235 1087 2291 ministerio
1104 2235 1155 2291 tibi
1170 2253 1239 2290 cre.

178 2322 263 2378 ditot
294 2323 345 2378 Tu
362 2324 483 2392 (velim)
503 2340 605 2378 casum
623 2334 651 2378 et
668 2340 786 2378 causant
805 2340 943 2379 unacum
956 2323 1085 2380 cordato
1096 2341 1236 2395 urgeres,

177 2423 211 2469 ut
228 2413 349 2469 territus
365 2412 523 2468 desisteret
539 2430 555 2466 a
572 2425 658 2484 rapto
676 2412 727 2468 illo
745 2412 920 2481 m'utisterio.

243 2517 397 2573 Caeterum
415 2518 497 2590 quod
514 2519 551 2572 de
559 2512 706 2574 Ethatdo
719 2519 794 2574 Cotz
804 2511 832 2586 ⁶)
849 2518 957 2574 scribis
964 2520 976 2587 ,’
992 2520 1069 2574 scias
1082 2535 1141 2574 non
1153 2535 1239 2573 com.

176 2609 312 2680 paruisse
336 2621 447 2679 partem
468 2609 641 2675 adversam,
666 2619 699 2663 ut
725 2608 836 2663 scheda
858 2608 934 2681 pacti
959 2608 1114 2664 indicabat.
1133 2601 1162 2675 7)
1196 2607 1238 2664 Et

177 2699 310 2770 suspicio
336 2697 408 2753 mihi
426 2698 538 2767 oritus,
565 2716 579 2752 a
597 2698 705 2753 Senatu
721 2708 822 2753 vestro
839 2697 918 2753 hanc
937 2697 1064 2753 fabulam
1082 2699 1185 2754 instrui
1205 2700 1234 2753 in

176 2782 294 2854 tuamss)
312 2799 340 2842 et
357 2787 489 2843 omnium
502 2799 638 2842 nostrum
648 2779 674 2853 9)
692 2787 920 2856 contumeliam,
938 2802 970 2841 ut
982 2788 1039 2842 sint
1052 2788 1107 2842 soli
1123 2789 1236 2857 Cygnci

177 2887 206 2933 et
217 2877 302 2948 primi
313 2917 322 2947 ,
341 2877 391 2949 qui
405 2868 509 2931 otnnes
522 2877 605 2931 verbi
617 2876 767 2932 ministros
781 2878 961 2931 conculcent
973 2890 1003 2932 et
1015 2892 1186 2948 percacent.
1198 2880 1236 2943 ¹⁰)

178 2966 251 3022 Ideo
277 2966 442 3020 {ishardum
465 2968 563 3021 sentio
589 2967 714 3020 liberum
741 2982 808 3021 esse
832 2966 868 3019 ab
891 2967 938 3020 itta
960 2969 1163 3035 accusatrice,
1190 2979 1237 3025 tot

177 3057 304 3112 testibus
323 3068 352 3111 et
371 3057 564 3112 confessione
582 3058 698 3127 propria
718 3057 850 3111 adulterii
877 3073 924 3110 rea
949 3059 1096 3112 convicta.
1133 3059 1236 3133 Quan.

178 3165 266 3221 quam
285 3149 344 3202 scis
362 3163 417 3202 nos
436 3148 564 3216 conjugii
582 3162 703 3211 causas,
721 3147 864 3199 hactenus
878 3149 1011 3202 desertas
1025 3165 1038 3199 a
1051 3152 1235 3217 magistratu,

175 3239 352 3293 necessitate
365 3255 379 3290 a
393 3236 478 3291 nobis
491 3253 558 3291 csse
577 3250 751 3305 susceptas,
770 3251 849 3289 nunc
864 3251 961 3290 autent
975 3238 1094 3307 publico
1110 3239 1186 3293 libro
1200 3241 1235 3294 ad

178 3330 365 3399 magistratus
380 3331 415 3391 11)
432 3343 498 3382 esse
515 3326 652 3396 rejectas.
686 3324 764 3381 Natu
783 3337 812 3380 et
829 3326 891 3379 hoc
909 3328 984 3380 inter
1001 3340 1115 3382 caetera
1130 3330 1166 3395 η)
1185 3331 1235 3385 iiiii

225 3545 468 3602 veturiiquoque.
512 3541 834 3595 ticonootttnnnttnnt.
877 3545 898 3594 3)
913 3544 973 3589 (ὶῦ.
988 3543 1089 3589 videbis.
1134 3547 1233 3594 ttutt.

176 3620 411 3668 conscientiaenon.
454 3617 639 3674 5)t1.u.qnod.
683 3618 705 3662 6)
721 3616 784 3661 (λῦ.
800 3615 876 3664 utttz„
891 3620 919 3661 A.
934 3617 1006 3662 Lntz.
1053 3618 1231 3675 :scusisti

176 3695 296 3742 indicabit.
347 3697 369 3744 8)
388 3694 413 3736 c.
429 3695 455 3738 G.
476 3690 570 3736 institui
583 3690 607 3735 in
621 3692 736 3734 nostran.
786 3692 807 3741 9)
827 3690 892 3736 C.G.
912 3695 1059 3736 nostrorum.
1111 3697 1141 3743 10)
1161 3694 1231 3742 Η.

174 3769 325 3827 proculcent.
376 3767 408 3816 tt)
425 3765 450 3810 c.
461 3766 488 3811 G.
501 3767 530 3810 Α.
544 3762 708 3819 magistratum
721 3773 736 3807 a
749 3767 794 3808 nte.
846 3765 879 3813 tt)
897 3764 922 3809 C.
935 3765 962 3809 G.
975 3785 1001 3796 ·-
1014 3764 1056 3810 int.
1073 3769 1134 3812 caet.

174 3885 402 3906 Μ

223 3974 246 4024 ο)
260 3963 450 4020 nstitutum
464 3968 502 4014 tn
513 3965 559 4016 ut.
572 3972 595 4013 n.
608 3965 640 4015 tt.
653 3965 736 4018 ttsttti
757 3965 802 4012 tto.
811 3965 979 4015 ttccctxtx.
