2586 4696
109 292 172 360 168
239 384 242 395 .
594 299 686 368 1⁵³0.

74 460 78 466 '
140 445 436 538 mumulus·
781 496 783 500 -
890 453 1136 513 N⁰.Mcccvr.

456 589 505 659 tin
536 588 820 668 &ieiunorum

105 728 144 784 §lu
155 728 290 786 herlerum
308 730 351 783 sul
366 730 417 782 irre
430 730 575 783 moliturum
593 726 632 777 lrr
644 727 794 784 stituirmrr
806 729 912 784 §result
930 699 1005 784 (Μ
1019 731 1043 779 ε.
1056 730 1098 781 stt.
1112 731 1165 782 nrt,

406 803 457 856 ltus
469 803 566 858 inlust
578 801 727 858 uuiltlruns
740 812 767 856 ru
780 803 859 857 utun.

557 943 701 959 μ

103 1035 157 1086 llul
169 1038 208 1085 ter
219 1036 431 1089 ssirrtrlltlrn
445 1039 630 1093 &amulungus
640 1037 730 1092 susus
741 1037 783 1088 Μ
794 1035 906 1094 &solist
919 1036 948 1082 ll.
963 1037 1023 1093 laun
1044 1036 1165 1088 litoreo·

272 1112 336 1158 bril
350 1113 452 1164 willerii.
468 1111 506 1161 lll.
519 1114 569 1171 864
591 1114 631 1164 ten
645 1110 949 1169 stroheldlsnnerp.
964 1112 996 1159 ll.

22 1251 26 1259 ’
129 1243 275 1299 chariss.
281 1241 411 1315 fratri,
426 1243 582 1318 Philippo
599 1240 868 1311 Melouchtlroni,
888 1258 980 1297 seruo
997 1239 1141 1297 Domini.

100 1375 156 1464 G·
176 1431 206 1475 et
222 1420 258 1477 P.
277 1421 307 1477 in
325 1421 460 1479 Christo.
494 1423 572 1480 Post
588 1424 687 1480 literns
705 1432 839 1492 vestras,
863 1420 903 1476 mi
919 1419 1077 1492 Philippo,
1101 1436 1163 1475 non

103 1509 228 1579 credes,
247 1511 364 1581 quantis
382 1529 493 1569 vocum
511 1524 542 1569 et
558 1514 709 1568 literarum
725 1510 855 1567 nubibus
867 1510 924 1565 sim
941 1509 1084 1577 obrutus,
1102 1510 1165 1582 ple.

98 1596 146 1652 nis
163 1600 353 1670 querelarum
371 1602 408 1656 de
421 1602 525 1670 vobis,
542 1602 718 1675 praesertim
735 1601 773 1655 de
789 1611 830 1656 te.
863 1599 931 1670 Ego
946 1599 1068 1672 quidem
1086 1597 1164 1655 haec

98 1686 207 1742 invitus
225 1689 343 1756 scribo,
360 1701 394 1746 ut
411 1693 464 1762 qui·
479 1692 524 1747 sic
541 1693 599 1747 sim
617 1686 759 1758 allectus,
779 1703 812 1747 ut
829 1700 958 1744 metuam
976 1705 1033 1744 vos
1052 1689 1166 1743 contri.

99 1780 188 1847 stari,
214 1780 302 1834 etiam
325 1781 354 1835 in
376 1782 516 1849 modico,
545 1785 591 1851 (l)
617 1800 633 1838 a
657 1798 718 1854 quo
742 1780 816 1836 nihil
842 1781 899 1835 nisi
923 1777 1165 1835 consolationem

96 1864 211 1923 hebere
229 1868 378 1925 deberetis
396 1869 424 1924 in
442 1882 518 1925 tants
529 1871 719 1941 moleshujus
735 1886 859 1925 causae:
877 1868 906 1924 iu
924 1868 1005 1940 quod
1016 1868 1164 1922 hactenus

97 1954 225 2011 fideliter
248 1958 281 2012 in'
295 1957 354 2013 hac
377 1975 465 2015 conss
482 1969 631 2033 praestare
654 1969 778 2015 conatus
800 1974 877 2015 sum.
912 1959 953 2013 At
968 1974 1049 2012 nnnc
1075 1956 1162 2012 etiam

97 2060 169 2100 oum
185 2047 297 2102 nostris
314 2057 466 2103 eteorum
484 2049 577 2105 literis
589 2049 661 2104 mihi
674 2049 861 2121 pugnandum
879 2058 935 2104 est.
968 2047 1037 2118 Ego
1048 2063 1097 2102 me
1116 2047 1163 2103 sio

88 2135 237 2191 nolendo.
276 2135 430 2207 Primum,
455 2138 551 2193 nostri
575 2139 745 2205 Augustae,
770 2139 910 2210 inquom,
936 2137 1044 2194 dehis
1068 2135 1164 2190 rebus

95 2224 172 2279 mihi
195 2212 278 2279 aliter
301 2237 331 2281 et
347 2242 408 2281 non
425 2226 489 2281 talia
506 2226 651 2282 scribunt.
686 2227 747 2282 Stat
769 2239 866 2283 autem
890 2222 1049 2295 sententia,
1071 2225 1161 2281 robis

95 2314 195 2386 potius
213 2315 339 2370 credere
356 2332 447 2388 quam
467 2317 538 2383 illis,
555 2334 612 2381 neo
631 2333 734 2390 spero,
751 2319 833 2388 quod
849 2334 897 2372 me
916 2317 1024 2390 aliquid
1040 2315 1161 2384 celetis,

98 2410 123 2461 sl
147 2404 264 2459 adrem
288 2405 426 2477 pertinet.
459 2404 580 2461 Deinde
603 2406 634 2461 in
657 2424 691 2462 oa
712 2404 780 2461 suni
799 2407 995 2479 persuasione
1016 2420 1160 2472 securus,

98 2494 258 2565 quodnisi
281 2495 362 2552 salvs
386 2496 577 2550 confessione
602 2505 633 2550 et
655 2505 786 2567 excepto
811 2495 977 2564 Evangelio
1001 2495 1075 2551 nihil
1099 2495 1163 2551 sitis

98 2584 285 2640 concessuri.
321 2584 402 2660 Quid
420 2594 518 2639 autem
536 2584 574 2639 sit
590 2584 773 2653 Euangeliou
790 2585 815 2650 ¹)
838 2597 867 2638 et
883 2584 1037 2641 confessio
1060 2594 1165 2640 nostra

98 2674 248 2741 exhibita,
270 2675 413 2747 numquid
431 2686 478 2729 est
494 2689 571 2747 opus
587 2675 674 2730 vobis
691 2675 723 2741 ²)
747 2675 883 2732 deliniri?
915 2675 994 2732 Nam
1020 2676 1090 2730 illud
1111 2693 1166 2731 no.

100 2776 196 2820 strum
213 2775 299 2820 vetus
318 2776 364 2820 est
374 2805 383 2834 ‚
401 2765 483 2836 quod
500 2777 609 2838 sponte
627 2764 808 2832 obtulimus,
831 2768 928 2820 omniu
945 2765 1022 2820 velle
1040 2768 1117 2822 ferre
1136 2777 1167 2822 et

99 2855 197 2908 fucere
223 2855 311 2909 etiam
338 2853 498 2920 hostibus,
523 2856 604 2927 quod
631 2854 711 2909 sulvu
737 2856 920 2910 conscientia
946 2866 975 2910 et
999 2856 1166 2925 Evangelio

99 2944 261 3018 possimus.
297 2943 427 2999 Proinde
451 2961 508 3013 ego
527 2946 647 3017 quietus
665 2958 771 3000 causae
791 2945 862 3000 nihil
883 2945 984 3015 timui,
1009 2946 1063 3002 sed
1081 2949 1117 3002 de
1135 2948 1166 3002 vi

102 3041 132 3088 et
154 3033 257 3087 fraitde
280 3033 414 3088 solicitus
437 3046 562 3104 propter
585 3050 641 3088 vos
664 3034 716 3089 fui.
752 3035 854 3111 Quare
882 3046 912 3090 te
937 3052 991 3106 per
1009 3035 1165 3092 Christum

102 3139 175 3190 oro,
201 3132 232 3175 ut
247 3118 279 3185 ³)
303 3138 393 3192 quam
410 3123 539 3193 primum
558 3122 671 3194 poteris
691 3123 764 3179 mihi
781 3124 830 3179 vel
847 3142 903 3196 per
919 3136 1037 3197 postam
1054 3125 1166 3182 Nurm.

103 3212 227 3280 bergam
243 3203 273 3278 ⁴)
298 3211 431 3278 scribas,
455 3210 526 3283 qnid
550 3211 666 3266 interim
684 3230 700 3267 a
716 3213 811 3268 literis
830 3214 976 3285 proximis
997 3225 1098 3289 notum
1116 3217 1165 3272 sit.

102 3305 223 3372 Cogunt
247 3303 325 3357 enirn
350 3313 525 3357 nostrornm
551 3304 762 3372 tragicissimse
787 3305 890 3361 literae
916 3306 1068 3377 cogitare,
1093 3324 1167 3362 num

103 3395 219 3450 interim
238 3393 349 3464 aliquid
363 3391 488 3465 periculi
507 3392 533 3446 in
547 3408 666 3447 oausam
685 3394 830 3450 inciderit.
864 3395 1045 3454 Mussitsbst
1057 3398 1165 3453 nudius

103 3483 224 3556 quidem
247 3484 324 3537 inter
345 3482 531 3537 coenandum
552 3498 655 3538 coram
674 3483 793 3555 juniore
810 3485 949 3558 Principe
966 3487 994 3554 *)
1020 3488 1167 3558 ejusmodi

155 3703 175 3753 l)
193 3697 429 3755 stnllrauguliun.
479 3697 703 3751 min-vobis.
753 3700 775 3750 3)
794 3700 960 3754 mettunel.
1010 3704 1031 3756 l)
1048 3703 1103 3749 Str.
1118 3703 1166 3750 No=

108 3774 305 3830 rimbsrgensem.

157 3979 179 4027 ⁸)
192 3974 243 4026 ver
254 3973 375 4029 sursunt
383 3979 435 4022 tou·
448 3974 491 4029 trit
504 3976 553 4024 test
566 3976 598 4024 η
612 3976 633 4023 l.
646 3975 673 4023 ln
686 3975 789 4032 soture.
