2586 4696
557 297 647 362 1534.
1068 291 1125 354 511
1157 284 1161 292 “

68 447 105 504 ad
117 447 292 519 Romanos,
308 450 358 508 ubi
375 443 501 509 Paulum
519 455 562 509 sic
580 456 677 509 laudat
694 463 724 508 et
741 452 876 520 extollit,
893 450 1013 506 utnulla
1027 447 1129 504 retho.·
1173 515 1176 522 Ι

68 538 131 594 rica
155 541 285 612 simplex
310 552 340 597 et
365 543 536 615 imprudens
561 546 654 600 lector
677 556 765 617 queat
789 543 940 616 potentius
962 541 1080 595 avocari
1099 550 1129 595 et

67 631 185 685 renaudi
202 649 218 685 a
236 632 361 702 legendo
380 645 408 687 et
425 635 567 690 discendo
584 634 705 703 Paulo,
716 635 791 688 adeo
810 634 988 703 confusum,
1007 630 1129 700 impedi.

51 729 149 784 tum,
167 731 344 791 pugnantem
360 723 434 790 sibi,
453 723 586 791 varium,
603 723 759 776 horridum
773 722 882 793 pingit,
896 734 926 778 ut
940 737 1004 774 eam
1018 720 1128 791 episto.

66 809 126 884 lqm
144 811 267 864 credere
285 821 370 881 cogat
388 829 455 867 esse
472 813 595 882 alicujus
614 813 745 867 hominis
760 811 881 880 litrioai,
898 819 1012 866 tantum
1024 810 1127 878 abest,

66 913 101 954 ut
116 901 195 956 utilis
213 918 281 957 esse
298 903 443 957 videatur.
477 903 518 957 Et
543 904 621 958 inter
643 914 778 959 caeteros
797 917 917 958 morsus
935 901 1021 973 plane
1039 918 1129 972 syoo.

66 990 227 1062 phauticos
247 992 317 1047 illud
335 1010 395 1047 noa
417 994 512 1064 potuit
529 993 612 1048 salvo
625 993 733 1063 jecore
751 993 896 1059 retinere,
918 991 999 1064 quod
1017 990 1126 1047 Petrus

67 1081 219 1136 Christum
237 1082 362 1153 appellet
380 1083 494 1151 virum,
510 1069 612 1138 Deum
630 1092 740 1138 taceat:
766 1081 878 1136 bellum
895 1081 1024 1149 dictum,
1051 1090 1080 1136 et
1097 1082 1140 1136 in'

66 1171 137 1227 loco
155 1172 238 1228 valde
257 1174 397 1242 positum.

131 1278 201 1332 Jam
220 1296 293 1333 vero
311 1278 480 1335 Methodus
498 1281 563 1351 ejus
581 1295 650 1334 cam
667 1279 730 1334 suis
747 1279 886 1348 circulis,
904 1277 1049 1351 quidest,
1068 1278 1126 1333 uisi

66 1367 165 1422 irrisio
178 1368 289 1424 Christi
302 1380 330 1424 et
347 1373 479 1424 omnium
498 1386 598 1425 rerum
615 1370 652 1424 ab
669 1385 706 1424 eo
718 1372 888 1438 gestarum?
923 1368 1001 1444 Quis
1016 1385 1056 1424 ex
1067 1369 1125 1444 hac

65 1455 220 1514 Methodo
238 1459 314 1514 aliud
332 1460 475 1532 accipiet,
493 1476 581 1532 quam
597 1461 761 1529 fastidium,
781 1461 841 1514 imo
853 1458 954 1514 odium
967 1459 1125 1515 discendae

65 1557 128 1602 tam
146 1550 307 1617 confusae,
325 1548 502 1620 perplexae,
524 1561 554 1604 et
570 1549 705 1604 fortassis
723 1548 875 1605 fabulosae
892 1548 1067 1618 religionis?

27 1676 38 1682 ··
133 1660 183 1716 De
200 1659 341 1716 Johaune
359 1663 508 1734 Apostolo
527 1672 557 1717 et
572 1660 781 1731 Evangelista,
808 1662 859 1733 qui
881 1673 951 1732 post
971 1661 1126 1718 Christum

66 1763 201 1810 summae
217 1753 380 1807 autoritatis
397 1752 472 1823 apud
491 1750 671 1808 christianos
689 1761 752 1819 est,
769 1752 837 1823 quis
854 1762 913 1807 tam
931 1751 1081 1807 fastidiose
1094 1762 1126 1807 et

65 1843 169 1897 odiose
188 1844 265 1906 (noa
283 1842 379 1897 dicam
397 1839 560 1907 hostiliter)
576 1841 660 1913 loqui
678 1842 770 1897 ausit:
797 1857 897 1896 meros
922 1851 1024 1912 crepat
1040 1844 1126 1896 mun.

66 1930 141 1998 dos,
160 1920 222 1986 'uisi
241 1932 378 2002 quicum
395 1931 491 1984 virum
510 1939 593 2001 putet
610 1946 677 1986 esse
694 1929 818 1985 bardum
835 1929 963 2001 aliquem
981 1940 1031 1985 aut
1053 1931 1126 1997 buc.

65 2037 187 2077 eonem.
222 2020 381 2076 Christiani
399 2020 477 2074 enim
496 2036 565 2074 cum
583 2030 690 2075 timore
703 2030 732 2074 et
745 2021 909 2074 reverentia
922 2021 957 2074 de
970 2019 1126 2103 apostolis

65 2111 248 2183 loquuntur,
272 2111 325 2165 iste
344 2121 441 2165 autem
459 2109 549 2165 docet
566 2126 623 2165 nos
641 2125 711 2164 cum
728 2110 853 2181 profano
870 2111 986 2165 fastidio
1004 2120 1032 2165 et
1049 2107 1126 2166 fastu
1215 2112 1218 2115 “

65 2201 104 2256 de
123 2202 177 2256 illis
195 2201 289 2272 loqui.
321 2200 362 2256 Et
380 2201 429 2255 hic
444 2212 491 2257 est
502 2201 657 2271 proximus
669 2200 794 2271 gradus,
813 2200 899 2255 etiam
911 2201 952 2255 de
961 2201 1029 2273 ipso
1040 2201 1125 2275 Deo,

66 2292 156 2362 cujus
178 2292 316 2363 Apostoli
342 2303 428 2357 sunt,
452 2292 575 2361 profane
596 2290 697 2362 loqui,
724 2293 783 2345 imo
808 2290 942 2361 ejusdem
967 2290 1124 2364 superbiae

65 2391 130 2447 est,
154 2380 295 2453 Spiritum
321 2391 455 2438 sanctum
469 2372 582 2451 ¹(cujus
606 2390 677 2435 suut
693 2380 910 2453 Apostolorum
928 2380 1034 2448 rerba)
1058 2398 1128 2453 orm

64 2484 184 2543 partem
202 2470 330 2525 mundos
347 2470 504 2541 appellare.
784 2474 787 2479 “

134 2584 219 2639 Talia
236 2594 305 2638 suut
325 2584 353 2637 in
370 2583 499 2637 Erasmo
523 2581 649 2650 infinita,
675 2581 723 2636 vel
747 2583 844 2653 potius
869 2582 934 2653 ipse
957 2581 1019 2640 hoo
1041 2590 1123 2651 totus
1155 2575 1156 2578 '

65 2685 113 2730 est
138 2675 167 2728 in
185 2673 350 2742 theologia,
374 2674 454 2744 quod
479 2672 562 2726 multi
586 2673 631 2726 alti
655 2684 685 2727 et
708 2685 774 2726 ante
799 2688 847 2726 me
873 2656 1070 2727 observarunt
1094 2683 1125 2728 et
1158 2667 1168 2685 ‘

65 2763 376 2836 quotidie'ohservant
393 2763 498 2831 magis.
531 2761 600 2817 Nec
618 2764 680 2832 ipse
698 2773 797 2817 cessat
814 2763 906 2816 etiam·
926 2762 1057 2832 quotidie
1075 2778 1125 2816 au.

64 2871 154 2924 gere,
172 2866 202 2908 et
219 2854 349 2908 crassius
367 2853 453 2907 edere
466 2867 535 2906 suas
548 2862 649 2908 notas:
667 2853 784 2907 festinat
795 2854 873 2907 enim
885 2851 1033 2923 judicium
1046 2853 1124 2928 e]us,

23 2932 36 2943 “
65 2957 96 3002 et
118 2945 245 3018 perditio
264 2947 327 3014 ejus
344 2962 405 2999 noa
423 2942 572 2999 dormitat.

103 3079 106 3085 ·
133 3059 174 3114 Et
192 3060 263 3114 illud
288 3058 433 3128 singulare
458 3057 606 3128 quoddam
629 3068 675 3112 est
698 3057 810 3128 pietatis
826 3041 1017 3130 Erasmicae,
1041 3061 1124 3134 quod

65 3151 96 3205 iu
113 3149 247 3221 Epistola
270 3151 306 3203 de
329 3147 526 3218 Philosophia
549 3148 706 3202 christiana
730 3148 820 3218 (quae
841 3164 897 3204 suo
915 3167 995 3204 novo
1014 3151 1123 3207 Testa.

63 3251 168 3297 mento
185 3241 280 3295 addita
298 3240 505 3294 circumfertur
522 3237 640 3310 publice
665 3256 718 3309 per
740 3255 846 3294 omues
864 3237 1030 3308 Ecclesias)
1053 3258 1124 3298 cum

65 3331 275 3405 proposuisset
298 3330 523 3403 quaestionem,
548 3345 639 3400 quare
663 3328 799 3383 Christus
823 3329 859 3383 de
884 3332 976 3385 coelis
1000 3331 1125 3388 descen.

65 3423 158 3488 derit,
182 3432 281 3477 tantus
298 3421 455 3490 magister,
482 3435 551 3474 eum
569 3419 660 3473 multa
676 3419 750 3486 siut,
775 3420 862 3474 etiam
879 3421 955 3491 apud
973 3420 1123 3491 Ethuicos
1143 3461 1150 3468 =

64 3511 188 3579 similia,
214 3510 290 3564 forte
314 3509 400 3564 etiam
421 3509 612 3580 perfectiora:
637 3507 813 3579 respondet,
835 3511 952 3564 venisse
970 3509 1124 3567 Christum

64 3602 153 3674 (puto
171 3616 241 3656 euru
256 3597 319 3653 hoo
337 3599 460 3652 credere
482 3598 734 3662 Erasmicissime)
760 3599 796 3653 de
814 3599 925 3667 coelis,
950 3609 983 3654 ut
1005 3619 1039 3655 ea
1056 3621 1123 3674 per.

65 3688 173 3745 lectius
201 3699 231 3744 et
256 3687 418 3743 absolutius
447 3688 520 3742 ultra
546 3698 681 3742 caeteros
708 3698 826 3743 sanctos
852 3698 1023 3759 praestaret.
1065 3691 1122 3745 Hic

65 3780 161 3834 miser
172 3779 227 3834 iste
241 3786 367 3832 novator
378 3777 512 3831 omnium
529 3778 590 3846 (sic
602 3777 769 3831 Dominum
783 3778 892 3846 gloriae
905 3780 1022 3850 pungit)
1038 3779 1123 3835 Chri.

64 3881 132 3924 stus
156 3869 254 3924 amisit
278 3868 401 3937 glorium
426 3868 619 3934 redemtoris,
645 3874 673 3921 et
700 3865 730 3920 ht
756 3877 869 3922 tantum
886 3868 1024 3943 sanctior
1047 3871 1120 3926 aliis.

64 3959 141 4017 Non
163 3959 259 4034 potuit
284 3956 461 4030 ignorantiae
486 3957 636 4014 essehoc
660 3955 802 4026 verbum,
829 3957 883 4015 sed
899 3973 1036 4018 ⁴necesse
1059 3974 1121 4032 est,
