2586 4696
546 324 639 392 tsst.
701 370 703 374 2
1059 319 1123 394 269
1175 362 1177 369 ‚

95 473 301 546 numius
649 525 651 529 .
695 451 1088 557 Nnmcccexx'xvur.

365 643 429 745 ¹liu
456 640 612 726 pieton.
641 647 804 719 willer.

115 813 140 864 l.
152 810 285 868 distentet
297 813 338 863 cci
351 815 430 872 cruce
442 816 632 945 &drdlptpem
645 818 675 879 f).
688 819 744 871 usn
758 821 796 868 lec
808 818 833 868 el
845 817 969 874 cusnitit
981 819 1060 875 lette!

486 901 526 944 sue
564 902 686 948 cerasus.

110 1178 162 1228 iliis
180 1179 218 1227 let
235 1179 447 1234 Menecliden
463 1184 611 1238 &onmium
624 1193 651 1237 au
668 1184 757 1240 netolic
776 1185 817 1234 ltu
830 1181 942 1241 &dise
954 1183 983 1229 ll.
1000 1184 1070 1239 1531.)
1092 1182 1119 1229 ln

59 1251 326 1376 gpufngspmm
338 1254 379 1302 111.
390 1258 439 1312 89.)
453 1257 493 1310 ltu
507 1256 775 1304 Strobel-lianner
787 1269 811 1316 p.
825 1258 871 1307 19³.
895 1257 954 1312 uisi.
967 1257 1026 1303 cod.
1040 1256 1118 1303 chart.

63 1476 208 1577 Gratiam
226 1531 256 1578 et
272 1539 379 1595 pacem
395 1526 424 1579 in
440 1524 569 1581 Christo.
582 1524 609 1591 ¹)
643 1524 750 1581 Multis
766 1525 864 1580 modis
882 1525 1017 1581 detestor
1033 1524 1119 1582 istius

63 1612 285 1670 concionatoris
296 1615 487 1670 vanissimam
502 1618 715 1684 temeritatem,
731 1617 772 1670 mi
783 1615 984 1686 Hieronyme,
1001 1617 1051 1687 qui
1062 1615 1120 1670 sub
1178 1672 1184 1681 ,

63 1701 194 1772 Caspcro
205 1703 498 1775 aSchonberg2)(uti
509 1705 630 1772 scribis)
639 1705 786 1777 persuasit
797 1704 947 1776 simplices
960 1704 1086 1772 animos,
1092 1701 1121 1770 ³)

64 1790 166 1844 subire
184 1791 346 1861 periculum
364 1793 524 1848 sumendae
543 1795 697 1864 utriusque
715 1793 845 1864 speciei,
860 1786 890 1858 4)
915 1803 945 1848 et
961 1793 1026 1864 ipse
1042 1808 1124 1847 mer.

65 1879 202 1934 cenarius
224 1897 305 1936 nunc
329 1881 397 1936 viso
422 1883 493 1952 lupo
518 1883 609 1952 fugit,
635 1883 762 1938 desertis
780 1881 888 1936 ovibus
914 1899 1012 1952 neque
1029 1880 1121 1937 fiunis

64 1969 138 2024 satis
156 1985 253 2042 neque
269 1971 400 2026 munitis.
433 1969 524 2026 Nunc
539 1972 609 2043 quid
621 1973 728 2026 faciam
739 1987 795 2040 ego
807 1971 914 2027 absens
927 1971 1121 2028 absentibus?

62 2058 138 2115 Non
155 2053 276 2128 venit5)
293 2061 342 2116 ille
359 2062 561 2116 mercenarius
579 2062 609 2117 in
627 2073 824 2132 conspectum
840 2077 957 2118 meum:
976 2076 1121 2118 revocare

58 2148 123 2221 jam
133 2143 161 2215 ⁶)
178 2151 344 2218 nonlicet,
362 2167 460 2222 neque
477 2153 594 2206 veniam
612 2162 735 2223 petere,
752 2161 782 2208 et
797 2151 878 2206 forte
896 2163 994 2206 temen
1006 2143 1036 2219 7)
1053 2168 1121 2224 per.

63 2240 170 2293 durare
193 2255 255 2293 non
279 2251 424 2310 possunt,
449 2255 483 2294 ac
506 2253 677 2296 constanter
699 2240 810 2296 fectum
833 2241 950 2312 pietatis
976 2240 1121 2298 confiteri.

65 2328 186 2404 Quanto
203 2329 315 2384 rectius
325 2323 351 2394 8)
369 2330 503 2385 facerent
519 2331 575 2386 sub
594 2331 659 2386 istis
677 2333 822 2401 tyrannis,
839 2340 873 2385 ut
884 2331 932 2406 vel
945 2331 1013 2386 solo
1025 2330 1120 2387 verbo

64 2411 309 2486 confirmarent9)
322 2419 530 2485 conscientias,
544 2429 593 2475 aut
606 2436 658 2474 eos
673 2420 782 2474 cudere
790 2419 827 2486 ¹⁰)
839 2429 953 2474 tautum
964 2419 1121 2490 docerent,

67 2510 117 2580 qni
138 2509 230 2580 parati
254 2519 355 2564 esseut
377 2509 475 2563 omnia
499 2527 554 2580 pro
579 2509 702 2564 Christo
726 2510 797 2580 pati.
832 2509 947 2564 Melius
972 2509 1052 2564 enim
1074 2519 1123 2566 est

64 2600 154 2653 tacite
173 2599 354 2667 credidisse,
377 2614 466 2669 quum
488 2598 606 2670 publice
630 2609 698 2670 post
715 2599 829 2653 lectum
845 2614 982 2668 negasse.
1016 2598 1121 2656 Scribo

66 2699 164 2742 tamen
182 2689 269 2760 ipsis,
286 2686 323 2755 1¹)
341 2687 394 2743 sed
410 2688 531 2754 nescio,
555 2705 591 2742 nn
607 2690 712 2742 solatio
729 2687 825 2742 futura
848 2688 886 2742 sit
909 2704 974 2742 mea
997 2689 1122 2760 epistola

66 2780 115 2832 vel
133 2778 323 2833 tribulationi.
358 2777 409 2832 Tu
422 2778 590 2848 judicabis,
615 2790 643 2831 et
659 2788 722 2831 turn
740 2778 859 2831 demum
877 2777 934 2832 illis
953 2778 1070 2846 mittes,
1094 2780 1121 2835 si
1170 2773 1175 2784 ⁸

67 2869 232 2923 videbitur:
256 2885 367 2923 nomen
384 2869 484 2939 oppidi
503 2884 561 2922 non
580 2866 769 2935 significasti,
795 2883 892 2938 neque
912 2883 969 2937 ego
985 2883 1001 2923 c
1017 2869 1121 2925 nuntio

68 2958 225 3028 explorare
236 2957 274 3023 ¹²)
290 2957 383 3011 volui.
416 2956 506 3011 Brevi
524 2957 558 3010 ad
575 2970 631 3010 vos
648 2956 737 3009 frater
752 2955 862 3011 Petms
876 2956 992 3011 Weller
1008 2958 1122 3026 veniet,

68 3060 99 3103 et
123 3049 266 3118 intelliges
292 3063 331 3102 ex
353 3047 561 3117 Scorpionario
578 3047 620 3113 (2)
637 3056 742 3102 nostro
766 3046 872 3102 omnin.
907 3046 989 3102 lieris
1006 3051 1031 3104 3.
1051 3061 1123 3121 post

67 3141 195 3196 ioannis
213 3139 377 3209 Baptistae,
395 3153 472 3193 anuo
489 3135 672 3193 MDlllllll.

737 3280 778 3340 T.
793 3280 943 3339 Martinus
961 3282 1087 3342 Luther.

43 3780 52 3791 ·
120 3765 357 3819 siste-inem.
400 3767 494 3818 zlcod.
509 3764 734 3815 coluuionem.
781 3763 985 3812 simpertus.
1030 3764 1120 3817 distr.

72 3844 169 3895 sputr.
218 3839 417 3892 §leimveniui
467 3844 488 3894 6)
507 3842 560 3886 Str.
575 3842 641 3886 ilem.
689 3842 712 3892 7)
732 3837 973 3890 euunentone.
1021 3838 1124 3896 ΜΦ.

71 3915 237 3971 quamtotius.
287 3915 376 3965 lists.
393 3915 638 3961 coddinlimrareul.
689 3912 899 3967 ldlssumudlre.
950 3917 982 3967 11>
995 3912 1050 3961 sta.
1064 3913 1121 3960 illis.

70 3990 105 4040 tt)
119 3988 172 4034 Str.
185 3986 251 4046 expl.
265 3987 384 4035 anuntio.
