2586 4696
196 272 270 357 rss‘
676 255 766 362 uso.

245 430 553 512 bribantensem,
573 452 618 505 ast
630 455 669 500 ur
680 450 891 507 stettrrttrtrrn
904 450 1052 502 emutare
1065 458 1091 503 ut
1105 448 1195 502 trtttte
1209 447 1250 499 ter

195 519 307 578 &druse
320 521 402 574 unat
428 526 562 574 marierun
576 528 601 572 tu
615 524 736 580 Μαί)
749 527 882 577 sumtu.
893 526 963 576 ttoe.
988 522 1089 576 strutio
1100 525 1142 573 ber
1154 522 1249 572 {sato

195 593 259 641 XVI.
273 597 332 648 1759,
357 597 413 646 W?
426 600 498 662 bum
511 599 571 646 (iod.
580 600 634 647 Jeu.
648 601 671 646 b.
685 601 702 650 f.
712 602 755 651 iid.
770 612 794 648 tt.
806 599 971 647 Aurifabet'
984 597 1024 644 ΠΙ.
1037 597 1098 646 ΕΠ·
1112 596 1248 652 minutim·

196 729 340 832 Gratiam
358 787 386 834 et
403 795 507 850 paoem
526 783 555 836 in
574 781 705 838 Christo.
739 782 788 838 Mi
799 781 954 853 Philipps,
971 777 1112 851 respondi
1126 777 1162 831 ad
1180 776 1247 832 istas

195 867 388 938 quaestiones
400 870 506 925 nudius
519 873 634 928 tertius.
667 873 708 929 Et
721 872 791 945 quid
804 882 866 937 est,
883 869 965 942 quod
977 870 1084 924 audent
1096 868 1248 940 postutare

195 965 254 1012 tam
270 961 426 1018 manifeste
444 961 548 1033 impia,
566 978 636 1016 cum
653 963 707 1032 ipsi
720 973 804 1017 antea
816 978 872 1016 nec
885 962 923 1016 its
935 960 1110 1016 docuerint?
1127 957 1168 1013 Et
1182 958 1248 1013 ideo

194 1063 275 1103 nunc
292 1048 352 1103 hoc
367 1049 393 1114 ¹)
420 1049 545 1120 fingunt,
572 1068 609 1105 ne
627 1050 824 1122 praeter-5122)
849 1049 1003 1120 sacrilegia
1020 1065 1129 1127 rorum
1150 1047 1249 1101 videa.

193 1152 280 1203 mus,
309 1138 361 1192 sed
385 1139 447 1193 hoo
472 1149 628 1209 praetextu
652 1141 755 1195 eedem
780 1139 961 1194 resuscitent
981 1135 1011 1204 ³)
1039 1147 1070 1193 et
1092 1135 1248 1192 stabiliant.

193 1226 257 1282 Vos
274 1228 346 1282 nihil
363 1245 430 1283 mea
452 1231 594 1285 sententia
616 1231 726 1286 rectius
748 1231 897 1298 feceritis,
922 1245 1012 1302 quam
1034 1229 1060 1284 si
1081 1227 1248 1283 liberemini

194 1317 231 1370 ab
248 1317 310 1394 istis
327 1320 438 1375 crassis
457 1319 587 1389 insidiis,
605 1320 749 1390 dicendo,
766 1320 844 1375 veile
861 1335 917 1375 vos
929 1319 1019 1384 Deo,
1035 1334 1110 1390 quae
1124 1317 1205 1382 Dei,
1221 1324 1249 1370 et

194 1407 327 1476 Caesari,
353 1425 428 1481 quse
452 1409 586 1465 Caesaris
610 1419 697 1478 sunt,
722 1409 857 1467 reddere.
897 1407 926 1464 bi
951 1408 1037 1479 igitur
1062 1420 1203 1480 poterunt
1218 1401 1247 1474 ⁴)

194 1498 371 1565 ostendere,
388 1516 422 1554 ea
439 1517 508 1555 esse
525 1500 586 1554 Dei
604 1512 634 1556 et
652 1500 802 1569 Caesaris,
820 1500 977 1556 admittite:
995 1499 1019 1554 si
1038 1517 1099 1570 nou
1111 1498 1249 1554 ostende.

192 1585 268 1653 rint,
281 1589 386 1658 dicite,
401 1601 486 1645 extra
498 1591 600 1645 Deum
612 1601 642 1646 et
654 1591 811 1646 Caesarem
822 1608 882 1646 non
895 1605 980 1655 esse,
997 1589 1044 1644 cui
1057 1581 1249 1657 obedistis,⁵)

192 1676 248 1733 nisi
272 1681 349 1733 torte
366 1674 396 1748 6)
421 1680 571 1736 diabolum
596 1681 643 1736 cui
666 1681 788 1736 obedire
810 1699 847 1736 ue
871 1680 926 1752 ipsi
949 1680 1068 1752 quidem
1089 1677 1248 1749 jubebunt.

193 1768 276 1844 Quid
294 1784 370 1842 opus
389 1783 452 1840 est,
469 1772 515 1826 sio
533 1787 653 1826 causam
669 1771 791 1829 distrahi
808 1757 838 1827 et
852 1769 980 1842 dispergi
992 1771 1022 1825 in
1034 1770 1249 1843 quaestiones?

193 1857 314 1914 Sotvant
332 1859 389 1925 itti,
406 1861 486 1931 quod
505 1872 693 1932 proponunt,
711 1861 739 1915 id
757 1871 820 1929 est,
837 1859 1010 1927 ostendant,
1035 1875 1104 1916 esse
1120 1860 1183 1914 Dei
1200 1859 1248 1914 vei

193 1945 339 2004 Caesaris.
357 1941 388 2015 ⁷)
422 1950 524 2025 Quare
548 1950 601 2005 iste
626 1949 737 2004 insulso
754 1950 909 2004 calliditate
926 1965 982 2004 vos
999 1948 1131 2022 patimini
1148 1964 1202 2003 eos
1220 1948 1249 2002 in

193 2055 251 2094 vos
269 2040 387 2102 ludere.
406 2058 442 2095 an
458 2041 518 2095 hoc
533 2043 582 2096 vel
599 2041 660 2096 hoc
672 2034 701 2105 8)
718 2041 834 2107 velitis?
868 2040 978 2096 Dicent
994 2040 1067 2109 ipsi,
1085 2040 1169 2096 ausit
1181 2055 1249 2093 ver.

192 2124 266 2183 bum
283 2129 360 2197 Dei,
378 2143 405 2184 et
422 2131 520 2185 stetim
539 2123 566 2197 ⁹)
583 2130 783 2198 obtinuerint,
800 2131 882 2203 quod
902 2133 938 2196 ¹⁰)
956 2130 1056 2186 velitis
1073 2128 1167 2184 verbo
1183 2128 1248 2183 Dei

194 2218 326 2273 obedire.
361 2221 417 2274 Sed
441 2222 515 2274 baec
534 2220 639 2275 metius
659 2237 714 2277 vos
732 2221 884 2290 cogitetis:
902 2217 938 2286 ¹¹)
962 2237 1031 2276 nam
1054 2237 1108 2288 ego
1132 2220 1161 2274 in
1184 2228 1246 2274 tam

191 2308 301 2363 orussis
319 2308 430 2364 insidiis
443 2311 520 2364 forte
532 2309 620 2369 nimis
632 2326 757 2366 securus
769 2327 853 2376 sum,
869 2310 988 2374 sciens,
1005 2324 1059 2366 voe
1070 2308 1141 2364 nibil
1153 2325 1246 2383 posse

193 2396 233 2453 ibi
252 2399 455 2465 committere,
478 2399 534 2454 nisi
552 2400 629 2454 forte
654 2411 808 2472 peccatum
832 2401 861 2456 in
885 2416 1032 2472 personas
1055 2408 1189 2467 nostras,
1215 2408 1249 2454 ut

191 2488 294 2562 perfidi
319 2501 349 2545 et
372 2491 576 2546 inconstantes
602 2507 767 2560 arguamur.
802 2490 857 2545 Sed
881 2490 951 2562 quid
978 2491 1101 2560 postea?
1133 2489 1246 2544 Causae

192 2580 356 2636 constantia
379 2592 409 2635 et
425 2581 547 2635 veritate
569 2581 655 2635 facile
676 2581 849 2651 corrigetur.
866 2581 907 2647 ¹²)
942 2580 1131 2655 Quamquam
1155 2581 1249 2635 notim

191 2668 253 2724 itoc
272 2671 455 2739 contingere.
488 2668 604 2725 Tamen
619 2670 662 2724 sic
673 2671 797 2742 loquor,
815 2679 847 2722 ut
858 2670 883 2725 si
895 2686 953 2741 qua
966 2669 1167 2739 contingeret,
1185 2686 1247 2724 non

192 2772 274 2816 esset
287 2762 511 2831 desperandum.
524 2757 564 2826 ¹³)
592 2759 670 2815 Nam
689 2761 714 2816 si
731 2761 791 2814 vim
809 2761 1008 2829 evaserimus,
1026 2777 1099 2830 pace
1114 2761 1247 2830 obtenta,

192 2848 278 2903 dolos
291 2843 331 2908 ¹4)
347 2866 381 2901 ac
394 2849 493 2920 lapsus
505 2861 626 2904 nostros
638 2849 721 2903 facile
734 2832 976 2917 emendabimus,
994 2849 1135 2921 quoniam
1147 2859 1247 2919 regnat

191 2953 281 3009 super
298 2953 354 2992 nos
369 2927 572 2993 misericordia
590 2939 664 3008 ejus.
699 2938 828 2993 Viriliter
844 2939 918 3008 agite
937 2949 965 2992 et
982 2940 1173 2994 confortetur
1192 2955 1246 2993 cor

190 3037 323 3081 vostrum
334 3066 343 3094 ,
361 3045 466 3082 omues
484 3030 533 3098 qui
551 3029 675 3099 speratis
694 3028 722 3082 in
740 3028 885 3083 Domino.
920 3028 1048 3099 speratis
1065 3045 1158 3094 vero,
1177 3029 1246 3100 quia

192 3133 311 3172 causam
331 3116 395 3186 ejus
413 3117 514 3186 agitis,
540 3119 621 3187 quod
639 3119 702 3173 sine
726 3134 798 3188 spe,
826 3118 875 3188 qui
899 3126 1004 3186 posset
1028 3117 1112 3175 fieri?
1147 3118 1247 3173 Saluta

239 3380 456 3430 bituritbnec.
483 3379 747 3430 enittrtrornunc.
797 3379 1008 3437 'btsstbmrrta
1058 3383 1079 3433 3)
1097 3381 1201 3433 ΜΦ.
1216 3387 1244 3427 Α.

191 3454 314 3500 suscitent.
374 3456 473 3503 tietb.
493 3453 609 3509 poterint.
670 3454 736 3501 nr.
757 3453 891 3499 irretiatur.
953 3455 1137 3506 t)T>r3tb.A.
1158 3456 1244 3502 sotum.

189 3527 609 3579 7)on.A.Denurretcaes-arem.
654 3528 832 3579 uomitus.
856 3528 1094 3573 biterrensium.
1146 3530 1244 3580 tres.

185 3615 292 3660 semper.
343 3601 566 3658 tuentum.
594 3601 750 3653 &dumos
803 3602 1087 3658 tuctusroritatis.
1137 3605 1245 3654 metit.

189 3679 218 3724 Α.
232 3676 274 3722 sed
288 3675 351 3733 quod
365 3677 452 3731 poster
465 3685 551 3719 «suste
564 3674 701 3720 constantia
715 3677 740 3720 et
753 3674 858 3721 veritate
868 3674 938 3721 [attile
949 3674 1120 3732 corrigeretur.
1147 3677 1176 3722 T.
1191 3689 1244 3722 ror=

180 3751 287 3807 rigatur.
338 3753 370 3801 tt)
388 3749 489 3798 T.e‘>tt.
504 3751 532 3792 Α.
552 3748 572 3792 si
585 3760 766 3806 qua--uou
780 3760 847 3800 esse,
867 3751 923 3797 ntuu
941 3751 974 3794 ut.
1024 3752 1057 3800 tt)
1077 3751 1243 3803 &tumidiores

188 3822 312 3871 mendacia
330 3822 355 3868 bt
374 3820 520 3881 cbytraei
538 3822 597 3866 Hist.
616 3826 676 3878 Aug.
696 3821 806 3868 consess.
825 3835 848 3879 p,
862 3824 907 3868 295.
927 3825 973 3867 unu
985 3826 1014 3867 Α.
1045 3824 1103 3878 sat.
1123 3825 1243 3875 stertere-

188 3907 280 3944 ntrurr
294 3897 364 3942 ttrter
377 3895 412 3941 tte
425 3894 511 3945 britti.
525 3893 622 3944 tuttrrt
645 3897 677 3944 o.
690 3896 723 3943 st.
749 3894 886 3946 oreretur
900 3895 984 3946 suunt
996 3893 1052 3942 itttr
1064 3898 1106 3942 tm
1120 3896 1242 3951 munuae

187 3978 214 4024 tu
230 3967 510 4024 transmisistis.
535 3965 621 4022 tantm
637 3969 692 4017 tutt.
