2586 4696
452 390 454 392 ,
547 306 636 376 tsat.
668 324 671 328 “
1055 300 1116 370 sot

62 457 149 508 illrum
162 466 208 510 tau
221 464 259 511 lte
271 462 431 524 ttllntettttrlit
444 463 490 511 sibl
503 466 562 512 satir
575 467 608 513 rit
621 477 771 524 responsum.
795 463 827 511 tet
839 461 915 520 marla
927 461 1116 520 responderetur

61 533 122 593 sibi,
135 535 156 581 al
170 536 278 587 libellum
292 538 321 585 de
334 537 442 585 Ecclesia
456 540 548 585 ederes.
576 540 694 587 tvtcettnr
708 538 788 585 omnia
802 550 844 594 erra
857 539 949 583 iuratus
959 539 996 581 est
1006 546 1036 582 ex
1046 534 1116 584 Εῐιει

60 596 113 654 iun:
133 609 188 655 huic
202 613 268 656 esset
281 612 488 671 respondendum,
508 612 551 662 itto
565 615 704 668 contemto,
723 616 749 658 ut
763 612 859 658 intudem
876 610 924 655 suis
938 608 1061 655 coloribus
1075 607 1117 654 de·

60 673 203 738 pingeretur
214 683 335 732 Erasmus.
359 683 418 729 Nam
431 696 522 730 samma
534 696 592 732 tuae
605 685 730 730 doctrinae
744 686 782 730 est
793 682 866 729 haec:
886 681 1003 728 Doctrina
1014 672 1117 725 Lutlreri

61 755 236 811 ostunensis,
249 756 305 814 qnia
317 757 428 806 damnata
441 770 455 803 a
468 758 570 803 caesare
583 761 609 804 et
622 758 696 815 Papa:
713 768 756 803 sua
769 767 831 803 vero
844 759 882 802 ert
895 750 1047 806 orthodoxa,
1061 751 1117 810 quia

59 828 175 887 Episcopi
188 833 214 876 et
227 829 381 886 cardinales,
400 829 523 894 Principes
542 834 567 877 et
579 832 658 888 Reges
675 831 773 877 mittunt
791 833 818 876 et
835 831 928 876 donant
944 828 967 875 ei
986 839 1059 875 aurea
1072 837 1119 883 po:

60 902 115 948 cula
132 906 179 949 etc.
202 902 229 948 Sl
247 903 312 949 alind
330 907 369 949 est
386 904 411 950 iu
427 904 477 949 suis
496 904 577 956 libris,
598 904 696 951 moriar.
721 905 786 951 llaec
803 905 842 950 est
859 901 980 959 sapientia
997 901 1116 949 laumanaa

59 975 176 1029 rationis,
196 976 260 1034 quod
273 975 401 1022 habeamus
415 976 535 1034 propitios
549 976 697 1034 Episcopus.
715 977 793 1033 iteret
807 980 853 1022 ete.
880 975 904 1020 l'.
917 977 1045 1022 nunuartet
1058 973 1115 1022 ltitrr

59 1049 104 1099 ant
115 1049 141 1095 tn
154 1048 237 1098 titiant
245 1049 386 1100 &aretiam
399 1053 446 1097 nna
459 1049 530 1098 urent
541 1048 720 1108 ntttoetttotett
730 1057 800 1103 neten
810 1049 839 1100 m.
849 1049 899 1099 toli
914 1048 983 1099 tenen
992 1046 1117 1100 attonuit

59 1133 85 1170 er
98 1123 136 1169 ott
149 1131 205 1175 oona
221 1122 361 1174 nnmrtttttlr
380 1122 491 1175 tuttaerr.
517 1125 566 1177 tun
579 1123 661 1172 ttetrm
674 1124 750 1176 notre
762 1124 805 1176 net
819 1125 842 1172 e.
856 1121 909 1171 nuda
923 1122 958 1168 tte
971 1119 1066 1172 edrtit
1077 1120 1117 1167 tri

58 1198 171 1242 Antan.
184 1195 347 1241 corvinus:
363 1195 485 1255 Quatenus
500 1196 627 1253 expediat,
642 1196 730 1242 editam
744 1208 828 1242 recens
842 1195 935 1241 Erasml
947 1195 977 1240 de
990 1179 1117 1240 aar'cienda

59 1268 183 1316 Ecclesiae
201 1269 333 1316 concordia
349 1268 469 1315 rationem
487 1269 569 1327 sequi,
591 1269 710 1325 tantisper
729 1269 784 1314 dnm
796 1269 925 1326 adparatur
940 1268 1061 1327 synodus,
1076 1268 1118 1320 ln.

58 1341 161 1398 dicium,
180 1343 226 1390 mtt
244 1343 307 1391 einer
324 1345 427 1393 monete
445 1344 543 1396 terent,
560 1343 639 1390 nuncto
657 1353 681 1389 er
699 1342 745 1388 mtt
762 1341 899 1395 mitilenus
919 1340 959 1392 uo
976 1351 1046 1397 uentu
1065 1341 1117 1394 ult

58 1410 328 1472 snelmtsuiortcltdae
341 1416 448 1465 rrttttrtc
473 1418 531 1471 mot.
545 1418 638 1467 tuctu
651 1417 718 1468 diat.
732 1425 783 1470 tant
796 1415 882 1462 xviii.
893 1416 935 1470 ti.
948 1417 981 1466 e.
990 1417 1045 1467 150.)

107 1644 159 1693 ver
172 1643 243 1695 metet
255 1642 350 1696 crtdtut
365 1645 424 1694 nrttt
437 1647 485 1690 tem
499 1655 545 1691 noa
558 1644 671 1693 itmttari
681 1648 750 1689 noter
766 1647 815 1690 tent
829 1644 892 1694 tltet
900 1654 906 1688 :
929 1641 1054 1709 Epistulae
1068 1641 1118 1687 ilo.

58 1715 117 1762 mini
130 1717 225 1775 Nicolai
238 1718 368 1763 Amadortii
383 1723 407 1764 et
420 1719 448 1763 D.
459 1718 558 1763 sanctini
567 1717 665 1764 Lutlteri
679 1718 817 1763 delirando
828 1718 1004 1763 Roterodanto.
1024 1712 1116 1762 Wileb.

58 1794 116 1841 issi.
129 1795 149 1838 tl.
156 1807 164 1848 5
180 1793 241 1839 annu
256 1792 351 1867 viteli.
365 1792 394 1838 ll.
408 1794 454 1840 527.
480 1792 580 1844 vendidi
594 1795 633 1848 len
647 1793 741 1841 walda
754 1791 843 1837 ltl'ill.
856 1790 917 1844 itan
928 1792 988 1839 uns.

59 1925 206 2046 Gratiam
225 1983 254 2027 et
271 1989 375 2042 pacem
394 1972 422 2026 in
441 1973 571 2028 Christo.
607 1973 726 2030 Gratias
749 1989 803 2042 ago
825 1972 895 2041 tibi,
917 1971 1028 2043 optime
1046 1961 1118 2035 Vir,

60 2062 142 2137 quod
167 2072 226 2117 tam
247 2062 340 2117 libere
359 2063 395 2116 de
412 2080 480 2117 meo
506 2063 606 2117 libello
624 2063 753 2133 judicas.
784 2061 870 2140 ‚Nihil
895 2063 974 2117 enirn
995 2050 1117 2130 moror,

60 2150 142 2227 quod
169 2152 299 2228 papistne
324 2153 527 2219 offenduntur,
553 2167 622 2207 curn
637 2159 771 2225 'propter
796 2153 878 2225 ipsos
903 2153 1033 2226 scriptus
1057 2170 1119 2208 uon

59 2242 115 2309 sit,
141 2243 241 2313 utqui
261 2243 337 2312 digni
362 2243 503 2314 deinceps
522 2260 582 2298 nou
602 2244 677 2319 sint,
702 2256 826 2316 propter
843 2259 920 2315 quos
941 2259 990 2298 ant
1007 2242 1120 2298 seruire.

59 2348 128 2398 mus
146 2345 195 2386 aut
212 2332 380 2404 loquamur.
414 2333 492 2388 Nam
510 2334 625 2387 tradidit
641 2333 707 2389 illos
724 2334 811 2389 Deus
830 2334 858 2388 in
877 2349 999 2388 sensum
1018 2350 1122 2402 repro.
1167 2358 1173 2369 ·

59 2421 147 2495 bum,
165 2433 198 2476 ut
210 2424 296 2477 etiam
319 2423 443 2493 agnitam
457 2424 612 2478 veritatem
630 2423 812 2495 impugnent.
847 2411 955 2479 Audita
971 2432 1017 2477 est
1029 2437 1119 2499 causa

57 2523 160 2566 nostra
180 2514 331 2582 Augustae
357 2529 460 2567 coram
484 2512 611 2567 Caesare
636 2524 665 2566 et
690 2523 755 2568 toto
781 2497 912 2582 mundo,
940 2512 1118 2582 inventaque

58 2597 106 2656 est
124 2602 388 2672 irreprehensibilis
407 2614 435 2656 et
453 2619 552 2656 sanam
571 2603 735 2657 doctrinam
754 2604 897 2657 reserens.
932 2601 1052 2669 Vulgata
1072 2609 1120 2656 est

57 2681 164 2748 deinde
177 2703 279 2748 nostra
291 2690 446 2748 consessio
464 2701 493 2747 et
510 2692 662 2765 apologia,
682 2701 711 2745 et
725 2703 862 2746 versatur
873 2691 991 2765 publice
1010 2691 1039 2745 in
1052 2691 1118 2746 luce

57 2778 113 2854 per
130 2782 282 2836 mundum.
316 2781 377 2838 Per
393 2781 468 2836 haec
486 2781 701 2854 respondemus
719 2779 836 2834 infinitis
854 2778 955 2847 libris,
976 2792 1005 2835 et
1022 2780 1119 2835 omni.

57 2863 114 2925 lius
139 2871 302 2925 mendaciis
331 2872 510 2942 papistarum
536 2869 720 2942 praeteritis,
750 2868 969 2938 praesentibus,
1000 2869 1118 2924 ftttrtris.

59 2959 200 3015 Confessi
225 2976 330 3016 sumus
349 2959 502 3015 Christum
525 2975 627 3014 coram
645 2959 833 3030 genueratione
857 2959 914 3012 lanc
936 2975 1064 3030 nequam
1088 2969 1119 3013 et

58 3050 206 3106 adultera:
224 3051 287 3121 ipse
305 3066 361 3104 nos
380 3066 499 3104 rursum
517 3049 628 3120 absque
646 3048 735 3104 dubio
752 3050 910 3104 confitetur
927 3065 1028 3103 coram
1046 3049 1117 3104 Deo

56 3135 147 3196 Patre
171 3151 199 3194 et
216 3139 339 3210 Angelis
357 3140 429 3212 suis.
464 3140 561 3193 Lucet
585 3139 638 3193 tux
661 3150 762 3194 nostra
781 3156 874 3213 super
894 3138 1117 3197 caudelabrum:

57 3230 109 3300 qui
126 3229 216 3296 videt,
236 3229 331 3282 videat
347 3216 456 3298 magis:
475 3228 525 3298 qni
539 3245 648 3282 caecus
667 3238 728 3296 est,
747 3244 855 3282 caecus
874 3227 920 3280 liat
940 3228 1046 3297 magis:
1067 3229 1134 3300 quil

51 3320 153 3389 justus
179 3329 241 3388 est,
264 3308 579 3389 justificetur‘magts:
609 3319 659 3390 qui
683 3318 805 3385 sordet,
831 3318 984 3372 sordescat
1009 3318 1118 3389 tnagis:

58 3411 178 3478 sanguis
197 3426 302 3465 eorum
320 3410 357 3465 sit
381 3425 472 3479 super
495 3410 593 3480 ipsos,
619 3424 676 3462 nos
699 3407 800 3462 mundi
825 3423 929 3462 sumus
954 3407 990 3462 ab
1014 3425 1120 3464 eorum

57 3501 211 3569 sanguine.
247 3499 392 3554 Diximus
419 3500 509 3570 impio
534 3513 617 3552 suam
640 3496 838 3568 impietatem,
864 3508 892 3551 et
911 3499 959 3553 ille
976 3516 1036 3552 non
1056 3500 1120 3555 uult

57 3590 208 3646 converti:
233 3589 378 3644 moriatur
400 3606 471 3659 ergo
498 3588 526 3643 in
550 3599 675 3661 peccato
692 3603 762 3643 suo:
787 3604 843 3642 nos
868 3589 977 3643 animas
1000 3600 1119 3646 nostras
1147 3594 1152 3602 '

57 3679 259 3734 liberavimus.
295 3678 387 3748 igitur
403 3695 464 3733 aon
482 3689 526 3733 est
535 3717 546 3746 ,
571 3689 602 3733 ut
619 3687 742 3750 propter
758 3676 842 3748 ipsos
863 3674 1028 3733 scribamus
1035 3717 1045 3746 ‚
1070 3688 1121 3734 ant

58 3771 150 3826 scribi
169 3784 321 3846 curemus..

110 3877 200 3951 Quod
212 3875 300 3930 ctiam
310 3875 428 3943 suades,
439 3874 687 3930 contemnendum
698 3889 765 3929 esse
778 3873 859 3927 illum
870 3872 1118 3930 Grammatellnm

57 3983 111 4023 sen
124 3966 351 4023 Vocabtdarinm
359 4004 370 4034 ,
389 3980 480 4036 quem
492 3975 523 4019 tn
535 3966 632 4018 fureur
643 3959 762 4029 Eraemi
773 3976 866 4019 uocas
874 4000 885 4035 ,
909 3971 939 4018 et
950 3961 1007 4037 ipsi
1018 3965 1119 4038 potins
