2586 4696
541 289 635 373 isat
785 224 787 227 V
1056 291 1118 357 sss
1167 387 1169 393 s
1218 333 1221 339 ·

57 448 103 511 W
103 449 228 508 eliseum
246 461 276 508 et
291 450 454 508 Hearicum
468 432 689 521 Schneidewin,
707 451 819 507 habeas
830 449 884 507 tibi
896 465 984 523 quam
997 447 1119 518 diligen.

58 541 175 599 tissime
194 533 431 596 commendatos:
458 542 528 596 nihil
556 553 675 614 petunt,
703 543 733 596 in
751 541 864 596 ltaliam
888 528 1119 612 proficiscuntur

53 631 134 703 juris
150 632 282 688 discendi
300 632 407 701 gratia,
424 649 514 702 spero
532 632 618 686 etiam
637 632 716 687 Hans
733 648 793 685 von
805 631 904 685 Jenen
917 628 1035 684 videndi
1048 643 1119 681 cau.

58 737 106 807 sap
125 731 195 776 sunt
212 721 270 776 mei
289 722 433 776 convivae
446 722 509 791 jam
525 722 637 793 aliquot
654 722 755 789 annis,
776 719 941 775 suavissimi
959 717 1118 773 homines:

59 812 85 867 si
103 811 271 867 ostenderis
288 821 317 866 te
335 811 477 879 hilarem,
502 810 563 865 hoc
582 821 657 879 est,
669 811 694 864 si
717 811 858 881 impetres
885 809 944 877 eis,
968 818 1001 863 ut
1016 806 1118 864 Num.

11 930 13 936 ·
57 900 200 975 bergam,
213 912 361 975 'quantum
378 900 439 954 lieri
457 911 574 972 potest,
592 899 668 956 bene
686 899 797 967 visant,
824 899 899 954 foris
918 907 948 953 et
964 899 1061 966 intus,
1087 905 1119 951 et

16 992 19 997 ’
60 1006 119 1048 suo
139 990 219 1045 Hans
241 1005 301 1045 von
317 990 396 1044 Jene
417 989 618 1051 satisfaciant,
642 987 706 1044 hoc
729 988 807 1042 enim
819 988 954 1058 ,cupiunt
977 982 1118 1060 maxime.

58 1080 157 1138 Dubia
168 1097 239 1149 ergo
251 1094 389 1151 oporam,
407 1091 440 1132 ut
457 1078 542 1133 amici
560 1078 654 1134 nostri
673 1090 770 1133 tecum
788 1078 916 1134 salutent
934 1092 998 1133 eos.
1032 1075 1117 1154 Tuto

59 1171 202 1244 potestis,
227 1169 304 1224 sicut
325 1168 496 1238 mihiipsi,
521 1170 663 1236 credere,
690 1180 720 1223 et
744 1168 820 1222 bene
837 1165 968 1222 suaviter
985 1182 1055 1221 cum
1072 1165 1117 1223 eia

58 1258 169 1318 laetari.
200 1258 286 1313 Bene
302 1259 368 1313 vale
385 1257 415 1313 in
432 1257 579 1312 Domino.
612 1256 725 1312 Eadem
747 1254 828 1312 dicas
848 1256 920 1311 mihi
938 1251 1117 1311 charissimo

58 1349 144 1404 Dno.
167 1346 305 1404 Andreae
326 1347 485 1402 Osiandro.
520 1347 583 1402 Tot
607 1346 698 1401 literis
724 1345 889 1401 scribendis
912 1363 972 1401 non
995 1345 1119 1400 vacabat

11 1500 13 1506 ,
59 1456 117 1495 nec
135 1437 174 1492 illi
192 1437 390 1508 aliquantum,
407 1455 464 1492 neo
479 1437 530 1491 tibi
545 1436 692 1510 prolixius
706 1436 849 1492 scribere.
883 1439 907 1489 2.
921 1433 1116 1509 Septembris,

55 1518 271 1592 muxxxrv.
1103 1523 1108 1536 ·

745 1614 896 1670 Martinus
917 1614 1083 1671 Lutherus.
1106 1616 1109 1622 ’

56 2031 119 2117 ‚nn
137 2028 354 2097 sententie.
569 2039 571 2044 ¹
816 2010 825 2029 ‘
885 2027 943 2084 uo.
963 1986 1084 2086 moer.

389 2197 437 2266 sin
467 2193 557 2276 {lon
588 2195 789 2276 llntltolc.

165 2371 189 2422 t.
202 2372 253 2441 talu
266 2371 333 2420 elntn
346 2371 417 2424 murs
428 2371 466 2419 tri
480 2370 590 2421 eculeus
604 2371 648 2417 nit
661 2368 838 2425 linnetlunntu
851 2368 1014 2425 uernularum.

514 2533 655 2548 *-

26 2714 29 2726 ,
116 2671 168 2718 lius
181 2671 361 2724 uurittbttl
374 2669 533 2726 unntltudttt
547 2670 693 2724 &annuum
707 2667 778 2716 [2¹0.
793 2668 833 2719 beu
846 2616 957 2725 ouillo
970 2667 999 2713 ll.
1011 2665 1058 2715 322.

64 2829 118 2921 G·
142 2887 172 2930 et
195 2875 232 2932 Ρ.’
266 2876 393 2933 Gratum
417 2874 503 2930 nobis
530 2877 642 2942 fecisti,
667 2876 707 2930 mi
737 2874 891 2944 Agricola,
915 2874 995 2944 quod
1018 2873 1118 2929 literas

63 2964 185 3021 Cochlei
202 2967 331 3021 miseris.
367 2966 545 3041 Quanquam
558 2969 659 3037 spiritu
672 2967 774 3036 judice
788 2982 846 3018 non
860 2965 1047 3033 ignoremus,
1064 2979 1118 3018 eos

62 3056 165 3111 satana
183 3056 326 3111 obsessos
344 3055 409 3110 talia
426 3070 545 3126 semper
561 3069 590 3110 et
608 3056 732 3128 plurima
749 3056 879 3123 cogitare
898 3066 925 3107 et
940 3053 1117 3108 machinari:

61 3157 161 3200 tamen
180 3163 236 3200 suo
255 3145 390 3215 ipsorum
411 3143 515 3198 indicio
539 3144 624 3216 prodi
649 3144 807 3214 pulchrum
830 3153 885 3197 est.
918 3142 1050 3197 Edemus
1068 3157 1128 3204 ean¹

62 3252 132 3290 cnm
151 3235 292 3301 scholiis,
310 3235 378 3304 quia
397 3251 455 3288 non
474 3235 554 3287 furto
571 3230 701 3301 ablatae,
719 3236 795 3288 sicut
813 3249 895 3286 meae
913 3233 983 3286 olim
999 3233 1118 3288 aDuce

63 3325 215 3393 Georgio,
240 3324 294 3380 sed
317 3325 402 3379 dante
426 3324 530 3394 spiritu
555 3322 588 3375 nd
614 3339 671 3378 nos
693 3327 831 3395 perlatae.
864 3323 993 3392 Jejunus
1016 3339 1120 3394 pnsum

63 3414 196 3469 scribere
214 3430 318 3483 cogor.
353 3414 449 3469 Saluta
467 3429 572 3467 omnes
590 3422 731 3480 nostros,
748 3413 904 3486 praecipue
918 3412 1019 3469 lilsatn
1038 3426 1119 3468 tuam

64 3520 134 3557 cnm
153 3503 253 3573 prole,
272 3514 302 3558 et
315 3520 384 3559 meo
398 3517 425 3558 et
436 3503 551 3558 Kethae
564 3519 647 3556 meae
659 3505 797 3567 nomine,
815 3521 889 3574 qnae
903 3504 964 3573 jorn
980 3517 1128 3574 quartum¹

62 3594 205 3662 filiolum,
223 3602 256 3647 ut
274 3602 362 3666 puto,
381 3595 513 3667 parturit.
547 3597 636 3649 Anno
653 3592 882 3662 MDxxxlv„
901 3593 1004 3664 Vigilia
1017 3591 1119 3650 nativi.

64 3683 131 3741 tatis
149 3682 274 3741 Mariae.

699 3770 737 3827 Τ.
755 3771 904 3827 Martinus
922 3771 1084 3827 Lutlterus.
