2586 4696
566 309 654 396 inst.
1072 312 1136 381 us
1182 355 1186 370 ,s
1233 311 1239 321 ’

146 471 225 528 Ante
242 471 301 528 hos
318 489 410 533 runos
429 474 483 530 fuit
499 476 596 545 magni
613 473 722 545 negotii
739 480 770 530 et
786 472 913 544 ingentis
928 479 1061 536 sumtus,
1083 469 1136 524 rii.

82 575 172 632 quem
189 574 339 618 mortuum
357 563 536 619 monachum
555 565 742 621 csuonisore:
764 571 794 618 st
809 579 888 619 nunc
906 560 1047 617 uullaris
1064 559 1136 616 reci.

82 652 139 706 lior
156 663 219 721 est,
237 655 324 708 etium
340 654 426 709 uiuos
443 653 582 715 Nerones
600 665 629 710 et
648 654 793 722 Caligulas
809 653 1021 720 cononisandi,
1045 665 1136 722 quum

82 742 184 796 odium
201 743 230 796 in
248 743 423 798 Lutheruut.
457 743 563 800 Oderit
580 752 608 799 et
620 734 733 799 fortiter
744 744 896 799 maledicat
907 742 1012 814 uliquis
1023 739 1137 797 Luthe·

82 850 163 899 rum,
185 843 217 908 st
233 850 307 889 mox
323 851 361 888 eo
379 835 460 889 fecto
477 843 595 890 senemr
613 844 680 902 est,
704 841 795 904 paene
818 833 924 889 similis
946 831 1136 889 sanctissimo
1194 825 1195 828 ’

76 922 218 978 ‘Domino
245 934 368 991 nostro,
393 939 483 978 seruo
507 909 665 979 serrorum
685 923 755 977 Dei.
790 921 869 998 Quis
895 918 1136 987 autemcredst,

83 1011 183 1066 odium
200 1013 230 1066 in
246 1004 415 1067 Lutherum
432 1030 499 1087 esse
516 1030 581 1068 rem
603 1024 665 1067 tam
683 1024 853 1084 potentem,
879 1024 936 1066 tum
958 1010 1137 1067 fecundum?

83 1102 158 1172 parit
176 1118 248 1172 opes
267 1103 354 1156 etiam
372 1102 445 1172 ipsis
460 1103 622 1169 mendicis,
638 1103 699 1158 imo
714 1103 801 1172 talpis
813 1111 842 1157 et
854 1102 948 1168 ranis,
967 1100 1041 1171 parit
1054 1102 1137 1156 fevo.

82 1206 146 1245 rem
159 1191 333 1262 Principum
351 1201 380 1246 et
391 1192 528 1261 Regum,
547 1193 623 1262 parit
638 1192 818 1264 praebendas
833 1200 863 1246 et
874 1190 1044 1260 dignitates,
1061 1188 1138 1261 parit

83 1281 294 1352 episcopatus,
310 1282 384 1353 parit
401 1283 488 1351 etium
499 1283 677 1354 ‚opinionem
694 1281 835 1354 scientiae
848 1292 877 1335 et
889 1280 1040 1336 doctrines
1051 1279 1137 1350 ipsis.

83 1371 166 1425 simis
191 1371 297 1440 asinis,
325 1373 398 1442 parit
423 1372 603 1426 autoritatem
627 1372 771 1429 scribendi
796 1370 889 1427 libros
913 1371 1138 1441 promeruistis,

81 1460 197 1515 undem
215 1461 286 1530 parit
304 1462 392 1515 etium
409 1462 516 1530 gloriae
535 1472 564 1515 et
581 1462 723 1516 victoriae
740 1477 883 1516 coronam
902 1459 930 1513 iu
949 1459 1041 1515 coriis
1059 1475 1139 1514 seur.

82 1550 237 1619 piternam.
271 1551 384 1606 Verum
406 1551 482 1606 beuti
508 1568 630 1617 omnes,
657 1550 709 1623 qui
728 1551 853 1605 oderunt
872 1549 1055 1618 Lutherum,
1081 1549 1133 1620 qui
1176 1597 1190 1625 ·.

82 1649 141 1694 tum
158 1640 207 1693 vili
226 1650 254 1695 et
270 1640 347 1694 facili
365 1658 454 1712 opera
473 1650 569 1695 tantus
581 1657 630 1695 res
642 1640 730 1695 simul
741 1650 954 1712 assequuntur,
972 1640 1136 1713 qusstnulle

83 1728 241 1799 sepientis,
269 1728 357 1783 nullis
385 1728 543 1793 virtutibus
569 1745 675 1785 ornnes
700 1729 943 1784 excellentissimi
968 1729 1023 1785 riri
1048 1727 1137 1783 simui

82 1818 203 1889 assequi
221 1828 362 1888 possent,
379 1835 417 1871 ne
432 1817 568 1872 Christus
585 1819 706 1890 quidem
723 1834 792 1872 cum
809 1817 956 1872 universis
974 1817 1135 1885 miraculis,

82 1915 145 1960 tum
162 1905 242 1971 suis,
258 1917 322 1960 tum
340 1906 559 1978 Apostolorum
576 1919 605 1962 et
623 1910 754 1963 omnium
772 1907 949 1962 Sanctorum
965 1921 1099 1961 suorum.

65 2055 68 2063 ·
146 2042 202 2096 Sed
227 2043 272 2097 sic
304 2043 462 2114 implentur
488 2045 669 2116 scripturae:
704 2044 799 2100 Beati
820 2044 879 2120 qui
898 2051 1136 2118 persequuntur·

80 2131 277 2200 Lamnum,
305 2133 456 2207 quoniam
472 2133 618 2204 ipsorum
634 2141 681 2189 est
696 2151 833 2208 requam
849 2134 1028 2189 coelorum:
1052 2130 1137 2190 beati

78 2223 173 2291 estis,
197 2223 252 2298 qui
268 2223 457 2277 maledicitis
475 2230 505 2276 et
521 2240 612 2277 omne
628 2223 749 2277 mulum
766 2223 872 2279 dicitis
893 2224 1047 2280 adversus
1064 2224 1136 2288 luz:

79 2313 222 2381 rherum,
246 2314 382 2386 paudere
406 2320 438 2367 ed
458 2313 599 2367 exultate
621 2313 655 2368 in
678 2313 739 2368 uto·
755 2313 821 2384 die,
846 2313 999 2388 quonium
1015 2332 1135 2370 meroes
1168 2369 1172 2374 Α

79 2411 188 2459 vestro
204 2404 333 2475 copiosa
351 2411 398 2459 est
414 2404 450 2458 in
467 2403 570 2458 coelis.
605 2403 658 2458 Sic
671 2404 754 2459 enim
762 2401 914 2474 socer-unt
926 2405 1135 2477 etApostolis

80 2500 110 2547 et
122 2495 244 2549 sanctis
257 2493 429 2565 Episcopis
436 2534 449 2562 ,
462 2493 608 2548 ,Iohanni
620 2495 692 2548 Hus
703 2500 733 2547 et
743 2490 914 2561 similibus,
931 2492 1135 2567 profuerint

79 2590 157 2637 orttc
173 2582 362 2639 Lutlrwum.
397 2583 469 2636 ideo
487 2581 558 2636 milri
576 2583 672 2637 ulhrrc
690 2582 856 2638 consultius
873 2583 1008 2650 videtur,
1025 2593 1134 2639 utnon

80 2674 296 2745 respondeam,
322 2674 374 2726 sed
400 2670 601 2728 testimouium
624 2687 724 2726 meum
748 2671 785 2725 de
800 2671 930 2727 Erasmo
955 2663 1133 2744 relinquunt,

79 2763 167 2817 etiam
186 2763 277 2834 ipsius
295 2779 404 2827 causa,
432 2773 465 2815 ut
487 2761 603 2815 tandem
630 2761 801 2816 absolvatur
825 2760 862 2815 ab
888 2761 940 2815 iste
965 2777 1051 2829 cura,
1076 2779 1134 2834 qus

77 2851 187 2906 misere
211 2838 274 2920 ungi
302 2867 336 2905 se
364 2851 514 2922 queritur,
543 2865 650 2920 nempe
676 2849 760 2922 quod*
780 2848 973 2905 Lutherrnus
996 2849 1133 2909 habetur·

79 2940 178 3008 Nam,
203 2941 276 2995 vivit
294 2940 447 3005 Chrisrus,
474 2955 608 3008 mugitum
627 2939 736 2993 fuciunt
754 2939 783 2994 ei
800 2939 955 3010 injuriam,
979 2951 1009 2998 et
1032 2942 1134 2999 desen.

78 3029 191 3083 dendus
216 3041 262 3083 est
288 3029 358 3083 milri
384 3043 486 3083 contro
511 3030 619 3083 hostes
644 3027 731 3097 ejus,
757 3029 808 3100 qui
834 3046 903 3083 eum
927 3030 1133 3087 Luthersnum

78 3128 237 3185 accusant,
255 3121 397 3183 comsit,
416 3133 464 3170 ure
481 3117 569 3171 nimis
586 3128 669 3172 certo
686 3129 716 3172 et
734 3115 809 3173 fideli
828 3126 921 3186 teste,
941 3120 1131 3176 nullomodo

78 3208 281 3274 Lutherunus,
298 3209 350 3263 sed
367 3206 509 3264 Erasmus
528 3219 648 3262 tamum.

141 3336 209 3407 Ego
233 3353 305 3393 sune
331 3339 453 3409 optarim
480 3347 575 3392 totum
592 3335 751 3392 Erasmum
773 3351 843 3394 esse
860 3355 876 3394 s
893 3339 1001 3395 uostris
1018 3326 1129 3397 s'elrolis

77 3427 253 3499 explosum:
278 3444 345 3483 num
370 3430 393 3483 si
417 3430 501 3482 etiarn
519 3445 578 3483 nou
597 3437 678 3483 esset
696 3428 909 3499 perniciosius,
934 3439 1032 3486 temen
1057 3431 1130 3488 nihil

78 3528 124 3572 est
140 3519 237 3585 utilis,
264 3518 357 3572 nullus
376 3535 423 3572 res
441 3519 529 3571 docet
546 3531 593 3570 aut
610 3528 725 3574 troctut.¹
757 3517 825 3572 Neo
841 3518 962 3590 expedit
978 3520 1131 3590 juventuti

77 3609 255 3677 christianae
273 3625 447 3663 assuescere
468 3607 538 3662 huic
558 3606 728 3663 Erusmicae
753 3608 884 3664 dictioni.
917 3609 1027 3664 Discet
1051 3611 1130 3666 enim

79 3699 115 3753 de
134 3699 211 3752 nullu
228 3715 260 3753 re
279 3699 359 3752 serio
377 3710 406 3751 et
422 3699 549 3767 grauiter
565 3696 645 3768 loqui
663 3709 711 3752 sut
729 3697 875 3767 cogitare,
900 3699 953 3753 sed
971 3709 1082 3754 tentum
1099 3700 1129 3756 in
1177 3721 1182 3731 ·

78 3789 188 3858 graculi
206 3806 259 3842 seu
284 3788 463 3860 spermologi
486 3803 602 3845 morem
627 3803 732 3846 omues
755 3787 828 3842 ulios
854 3788 966 3856 ridere,
990 3799 1020 3842 et
1043 3790 1128 3860 plene

78 3877 154 3931 uliud
172 3878 241 3932 nihil
260 3894 347 3946 quum
365 3877 532 3931 morionsri.
567 3876 628 3932 lluc
648 3891 718 3931 vero
736 3876 850 3931 levitate
867 3886 898 3931 et
913 3877 1038 3932 vanitate
1060 3894 1130 3948 pou.

77 3966 158 4021 lutim
176 3968 327 4024 desuescit
343 3984 360 4021 a
377 3965 534 4034 religione,
557 3965 657 4021 'donec
675 3964 830 4022 abhorreat
839 4005 851 4036 ,
875 3975 904 4022 et
925 3966 1043 4039 penitus
1061 3983 1130 4039 pro.
1211 3954 1213 3958 ’
