2594 4696
548 356 639 439 tiso.
740 326 743 331 ’
1099 364 1120 431 s

49 544 51 548 ·
92 522 261 595 essin.
472 536 475 541 ’
648 572 650 576 .
767 550 773 559 .
881 526 938 608 un.
957 524 1085 583 Mccn.

429 676 479 745 ttn
501 675 624 747 went.
650 673 752 746 tint.

105 832 185 883 {aare
195 833 239 879 m
251 830 465 886 enettentetrtttn
478 840 562 884 interr
574 832 705 887 nitimini
719 830 800 879 tentet
814 833 837 880 t.
847 832 895 877 ten
905 830 945 880 ts.
955 831 978 879 t.
991 828 1119 881 insistit,

65 905 224 1034 menapii
238 903 334 958 struit
352 904 392 951 tei
404 903 540 958 sestertia
558 908 605 952 unt
623 907 661 951 tte
679 904 902 959 teituntttnttttnn
917 905 1046 958 stretton
1063 901 1119 952 neti

103 1162 156 1211 ω
173 1165 214 1210 ter
231 1164 420 1216 sreltlltltrn
437 1166 585 1219 eenmtune
602 1175 629 1218 ta
648 1164 739 1225 sentin
757 1165 798 1217 tto
817 1162 929 1216 &tillet
946 1163 975 1208 ll.
995 1163 1040 1210 129.
1064 1161 1121 1212 vti

63 1227 129 1286 etia
142 1237 274 1283 caeterum
288 1248 335 1283 nos
348 1236 388 1284 iiie
402 1238 440 1286 lii
453 1238 533 1284 onnia
546 1237 670 1296 intelliges
689 1239 730 1291 bro
747 1238 885 1284 Reddens
901 1249 924 1294 p.
937 1238 970 1283 86.
989 1236 1035 1282 eui
1048 1234 1121 1281 coe·

10 1312 13 1351 t
62 1310 161 1358 tutin.
173 1312 203 1357 tl.
218 1315 248 1358 Α.
264 1312 776 1367 e.l.1t.untttutttttteatuxvl.tts.
801 1313 858 1363 stlte
870 1313 943 1366 etun
955 1310 1122 1358 nostrates

60 1383 96 1432 lll.
108 1387 125 1432 t.
138 1388 160 1433 a
174 1385 315 1440 meliusne

61 1513 250 1571 Venerabili
260 1516 296 1571 in
309 1516 439 1573 Christo
442 1516 557 1588 fratri
560 1560 570 1588 ,
584 1517 724 1575 Doctori
743 1513 793 1574 W
789 1517 950 1584 cnossiae,
970 1514 1122 1573 ministro

126 1602 308 1680 annqelii
324 1605 589 1682 Norimberqens.
598 1606 808 1704 ,(ἲᾰεὶἰεείιηο,
825 1623 884 1662 suo
901 1604 1044 1684 Mlll'm':

58 1736 204 1839 Graiam
222 1792 252 1839 et
270 1799 378 1856 pacem
395 1785 425 1840 in
443 1785 575 1842 Christo.
608 1783 701 1842 Valde
723 1785 844 1842 miseret
863 1801 912 1840 me
934 1782 1026 1854 hujus
1049 1781 1122 1850 viri,

59 1873 143 1930 ilaus
156 1874 270 1941 Ernst,
293 1874 368 1930 civis
386 1877 477 1930 vestri
495 1877 523 1931 in
541 1877 662 1932 exilium
681 1876 782 1944 missi,
804 1876 847 1931 mi
863 1874 1059 1929 Wenceslae:
1083 1887 1123 1927 ex

61 1966 153 2038 ipsius
168 1966 217 2021 his
234 1967 333 2021 literis
351 1982 416 2021 rem
432 1967 585 2039 intelliges.
618 1968 687 2037 Ego
700 1970 772 2023 sane
789 1967 824 2022 ad
842 1977 977 2021 senatum
989 1973 1124 2033 vestrum

62 2055 265 2128 scripsissem:
297 2056 352 2111 sed
376 2056 457 2128 prius
480 2057 508 2112 in
532 2076 566 2112 re
590 2057 774 2129 incomperta
795 2066 824 2112 te
847 2056 928 2110 volui
953 2054 1122 2109 consulere.

58 2143 149 2212 igitur
165 2155 197 2201 te
217 2162 296 2213 oro,
313 2154 347 2198 nt
364 2161 428 2199 rem
445 2146 603 2218 explores,
621 2162 657 2200 an
676 2146 713 2200 ita
730 2144 901 2211 schabest,
917 2144 957 2198 uti
975 2142 1123 2215 queritur,
1144 2142 1149 2159 '

57 2242 86 2289 et
107 2247 174 2291 mm
192 2234 242 2289 vel
260 2233 334 2288 mihi
362 2234 391 2288 id
409 2234 573 2304 significes,
598 2235 647 2290 vel
671 2246 702 2290 tu
727 2238 790 2306 ipse
808 2249 878 2289 curn
899 2233 1019 2304 reliquis
1035 2230 1122 2286 verbi

53 2323 202 2380 ministris
224 2340 283 2396 pro
309 2340 346 2378 eo
371 2340 449 2393 agas.
483 2322 564 2379 Nam
586 2325 631 2378 sic
656 2325 720 2379 sine
745 2341 844 2379 uxore
867 2333 897 2378 et
920 2324 1012 2378 domo
1036 2338 1123 2391 agere

55 2414 263 2486 periculosum
288 2424 354 2484 est,
384 2415 489 2468 deinde
511 2415 696 2470 intolerabile
722 2415 857 2482 tandem,
883 2415 964 2485 quod
982 2423 1122 2483 tanquam

55 2504 174 2560 infamis
192 2519 343 2575 nusquam
362 2505 540 2574 permittitur
556 2504 671 2575 operari
689 2514 719 2558 et
736 2520 841 2576 penem
860 2517 947 2559 suum
966 2517 1122 2572 quaerere,

57 2612 94 2648 eo
112 2594 197 2666 quod
214 2606 355 2664 suspecta
381 2594 419 2648 sit
444 2594 507 2663 ejus
531 2594 663 2649 absentia
688 2595 813 2648 adorno
837 2610 901 2647 sna.
935 2593 994 2646 Fac
1016 2591 1123 2657 igitur,

59 2685 101 2738 mi
117 2683 318 2750 tt'encestae,
342 2693 374 2736 ut
391 2683 521 2749 misero,
545 2684 733 2755 quantumin
751 2683 836 2736 vobis
856 2692 918 2748 est,
939 2681 1124 2734 consulatur.

129 2797 286 2850 Caeterum
305 2812 361 2850 nos
380 2797 431 2850 hic
450 2796 606 2866 Coburgae
624 2796 796 2850 decidemus
816 2795 919 2848 incerti
939 2796 974 2847 de
993 2794 1122 2850 comitiis

62 2895 93 2940 et
119 2885 255 2942 Caesaris
283 2887 427 2942 adventu:
458 2902 514 2942 vos
538 2888 616 2940 forte
641 2884 769 2939 certiora
793 2884 920 2939 habetis.
964 2884 1122 2956 Princeps,

60 2976 178 3031 etiamsi
201 2977 247 3029 alii
272 2976 505 3048 proficiscuntur
527 2975 646 3030 sodales
664 2977 847 3042 Angustam,
872 2986 969 3028 tomen
989 2992 1036 3028 me
1059 2977 1122 3031 vult

57 3066 108 3120 hie
125 3065 304 3121 subsistere.
338 3064 461 3118 Videbis
480 3081 550 3132 eos,
573 3080 680 3134 nempe
698 3062 889 3135 Philippum,
907 3065 1037 3132 donant,
1055 3064 1125 3120 Eis.

58 3155 166 3224 leben,
194 3156 387 3227 Spoletinum.
422 3155 451 3209 Si
477 3154 681 3227 processerint
701 3154 835 3219 comitia,
863 3170 901 3209 ex
926 3155 998 3225 ipsis
1025 3157 1123 3209 otnnia

60 3247 217 3315 intelliges.

122 3361 192 3416 Hoc
210 3374 304 3430 paene
323 3358 550 3429 praeterieram:
574 3372 665 3412 socer
682 3364 749 3430 tuns
769 3357 966 3426 Altenburgee
991 3360 1079 3412 enixe
1095 3359 1120 3424 ¹)

61 3466 106 3504 me
131 3450 267 3516 rogavit,
291 3460 322 3502 nt
345 3465 399 3519 pro
416 3464 448 3501 se
474 3448 691 3501 intercederem
717 3448 750 3498 ari
769 3457 813 3515 te,
839 3459 871 3502 ut
892 3449 918 3502 ci
938 3451 1122 3503 concederes

64 3543 173 3608 debita,
199 3556 277 3611 quae
296 3539 347 3592 tibi
367 3539 395 3590 in
413 3536 472 3590 hnc
490 3538 609 3603 regione
629 3547 739 3591 restant
761 3555 814 3609 pro
833 3554 884 3591 sua
903 3539 1047 3591 alimonia.
1083 3541 1124 3592 A.

64 3633 178 3700 gnoscit
197 3630 319 3702 quidem
338 3627 429 3681 multa
446 3628 551 3680 donam
569 3643 635 3679 esse
659 3627 714 3680 sibi
732 3645 747 3680 a
769 3638 812 3680 te:
842 3627 894 3681 sed
913 3639 1026 3695 egestas
1045 3629 1125 3696 cogit

64 3733 91 3775 et
114 3730 197 3791 urget
223 3732 311 3782 eum,
338 3718 426 3770 etiam
442 3716 505 3769 hoc
529 3727 641 3786 petere.
675 3715 817 3786 Denique
837 3717 872 3770 de
901 3727 929 3768 te
948 3728 1046 3786 sperat
1064 3731 1125 3768 me.

63 3810 132 3879 lius,
151 3810 292 3883 quamde
312 3820 492 3872 uxorema,
511 3805 566 3858 lilia
584 3807 660 3875 ejus.
699 3807 747 3858 l'ir
760 3806 891 3876 prudens
911 3815 940 3859 et
953 3804 1050 3860 bonus
1069 3817 1125 3860 est.

221 3951 595 3979 niu—*m

107 4060 129 4104 t>
143 4055 241 4101 Auris.
259 4051 361 4099 obnixe.
