2586 4696
605 305 697 372 ssst.
964 368 966 375 ,
1059 270 1066 292 “
1118 282 1210 368 att'''

111 444 338 521 etfatrociofls
354 460 521 520 discordias
542 462 693 520 internos
716 460 848 530 futurae,
871 458 899 518 si
914 459 977 518 hoc
993 454 1086 516 modo
1107 469 1182 513 con.

113 552 259 608 cordiam
274 553 495 624 jactaverimus·
529 553 631 628 Quare
654 563 685 608 et
706 569 762 623 ego
786 562 816 607 te
842 567 895 624 per
911 545 1124 607 conscientiam
1150 554 1182 600 et

112 657 232 715 pacem
247 652 414 699 vestrarum
437 654 467 699 et
483 655 654 701 nostrarum
677 641 871 698 ecclesiamm
891 656 965 706 oro,
986 655 1024 694 ne
1044 634 1183 693 commit.

112 742 238 800 samm,
267 741 302 788 ut
316 732 378 788 boc
403 733 536 789 remedio
561 732 726 787 discordiae
744 731 811 804 plus
836 729 1004 810 excitemus
1027 726 1182 783 turbarum

113 832 152 876 et
176 820 408 891 scandalorum,
439 822 493 880 sed
519 823 765 878 commendemus
795 835 916 876 causam
940 819 1044 883 Deo,
1063 815 1182 872 interim

116 921 277 968 servantes
295 913 378 984 pacis
402 909 489 968 istius
507 913 724 985 qualiscunque
747 921 778 965 et
793 910 971 966 concordiae
993 918 1116 964 eatenus
1132 903 1183 961 fir.

113 1008 233 1066 natae,
250 994 332 1072 quod
349 1001 544 1068 confitemur,
565 1017 676 1074 corpus
693 1000 819 1057 Domini
836 1016 908 1056 vere
924 1000 1028 1054 adesse
1047 1006 1078 1052 et
1095 994 1189 1053 exhi·

113 1088 188 1145 beri
210 1089 288 1144 intus
310 1090 424 1150 enimse
441 1090 527 1149 lideli.
560 1090 641 1147 Nam
660 1105 718 1146 vos
742 1091 799 1164 ipsi
820 1089 906 1146 facile
927 1088 1052 1172 potestis
1076 1086 1182 1142 intelli.

117 1194 212 1250 gere,
229 1179 255 1235 si
267 1181 429 1236 concordia
441 1181 516 1236 inter
525 1197 583 1235 nos
596 1180 778 1251 firmaretur,
796 1182 882 1250 lore,
900 1190 934 1235 ut
948 1178 1036 1250 aliqui
1045 1186 1182 1233 vestrum

117 1268 202 1351 apud
217 1285 293 1338 nos,
311 1281 339 1325 ct
355 1262 461 1327 rursus
469 1281 616 1348 nostrum
633 1271 722 1344 aliqui
740 1272 815 1343 apud
831 1285 888 1328 ros
906 1268 1183 1337 communicarent,

118 1357 174 1430 qui
202 1357 320 1414 diversa
344 1357 401 1414 fide
433 1369 463 1414 et
487 1360 672 1416 conscientia
698 1360 974 1427 communicarent,
1006 1355 1182 1414 necessario

118 1447 273 1519 utriunque
290 1448 463 1520 acciperent
485 1449 579 1517 aliud,
603 1465 692 1521 quam
709 1450 887 1519 crederent,
913 1459 942 1506 et
962 1449 1007 1505 sic
1024 1466 1079 1522 per
1096 1446 1183 1504 mini.

120 1538 248 1596 sterium
265 1550 314 1596 aut
325 1539 541 1599 conscientiam
553 1552 686 1597 nostram
704 1551 754 1598 ant
770 1541 829 1597 ludi
841 1557 945 1596 eorum
957 1539 1044 1608 iidem
1057 1537 1181 1598 occulto

121 1628 195 1683 dolo
218 1639 249 1683 et
264 1628 493 1698 mundano,·ut
516 1630 542 1684 si
559 1630 753 1698 non-sciant,
776 1640 827 1685 aut
844 1628 997 1692 rnanit‘esto
1019 1615 1180 1698 ⁸sacrilegio

119 1718 207 1786 tolli,
225 1719 250 1773 si
268 1718 375 1788 sciant,
393 1708 555 1792 oporteret·
589 1720 690 1795 Quam
702 1730 806 1775 sutem
822 1720 904 1792 pium
921 1719 984 1775 boc
1001 1736 1036 1774 ac
1048 1717 1182 1773 christia.

119 1824 194 1864 aum
220 1807 277 1876 sit,
301 1808 410 1864 vides..
431 1806 536 1885 Quare
560 1810 635 1864 inter
659 1809 718 1865 dno
738 1809 813 1865 mala
839 1808 867 1863 id
892 1808 993 1882 potius
1017 1807 1181 1876 eligamus,
1214 1817 1229 1845 ‹-

120 1895 205 1972 qu'od
218 1898 315 1955 minus
329 1909 396 1968 est,
413 1899 439 1955 si
455 1899 578 1954 omnino
591 1899 716 1964 alterum
729 1899 885 1954 serendum
896 1908 953 1955 est.
987 1894 1091 1970 ltaque
1104 1896 1182 1952 lere.

120 2004 191 2046 mus
208 1989 310 2061 potius
327 1989 404 2044 hanc
415 1989 594 2046 discordiam
606 1991 754 2045 minorem
769 2006 838 2045 cum
855 2005 929 2062 pace
940 1989 1073 2058 minore,
1091 2003 1181 2061 quam

119 2076 154 2136 ot
187 2078 215 2135 si
239 2077 318 2135 hanc
346 2096 451 2135 curare
477 2082 667 2153 studeamus,
701 2096 876 2148 moveamus
903 2072 1069 2150 tragoedias
1092 2091 1181 2134 veros

119 2168 272 2241 malornm
295 2168 512 2227 discordiarum
536 2186 572 2225 sc
597 2169 748 2225 turbarum
773 2168 1010 2233 intolerabilium.
1043 2167 1084 2226 Et
1107 2168 1181 2226 tolo

119 2260 149 2314 t'e
166 2257 239 2317 milri
255 2258 398 2326 eredere,
420 2259 499 2315 sicut
523 2269 553 2315 et
571 2258 702 2330 Coburgi
721 2258 773 2315 tibi
791 2259 868 2328 dixi,
892 2259 954 2315 hoc
970 2268 1105 2316 nostrum
1122 2256 1182 2313 dis.

119 2334 351 2429 'sidium'optsre
371 2365 419 2404 ms
439 2349 610 2421 compesci,
627 2349 741 2406 etiarnsi
758 2350 817 2407 vita
828 2366 895 2405 mes
907 2359 954 2406 ter
969 2345 1051 2406 esset
1067 2349 1182 2420 impen-

119 2438 239 2507 denda,
259 2439 426 2512 quia.vidi,
451 2456 540 2510 quam
563 2440 600 2494 sit
617 2439 784 2495 necessaria
805 2439 891 2497 nobis
909 2448 1008 2496 vestra
1030 2439 1181 2508 societas,
1216 2480 1225 2490 .

118 2520 232 2601 §nanta
258 2527 357 2583 tulerit
382 2538 412 2583 et
433 2528 530 2582 adbuc
553 2528 637 2583 affert
661 2528 851 2583 incommoda
876 2527 1060 2601 Evangelio,
1084 2526 1122 2581 its
1147 2535 1181 2581 ut

87 2662 96 2681 ,
119 2628 224 2673 certus
237 2618 313 2687 sim,
332 2632 436 2673 omnes
454 2630 554 2691 portas
571 2618 693 2687 inferni,
712 2629 808 2675 totum
820 2629 974 2691 papatum,
993 2627 1089 2675 totum
1100 2614 1181 2671 Tur.

119 2724 205 2777 com,
231 2717 326 2763 totum
349 2708 511 2775 mundum,
536 2719 629 2764 totam
652 2724 793 2774 carnem,
818 2720 846 2763 et
869 2707 1010 2780 quicquid
1033 2705 1180 2762 malorum
1269 2778 1272 2783 .

122 2807 187 2867 est,
206 2814 266 2852 uon
280 2798 411 2868 potuisse
424 2809 536 2853 tantum
549 2815 660 2853 nocere
672 2797 852 2866 Evangelio,
869 2797 894 2851 si
912 2796 1081 2853 concordes
1099 2813 1184 2856 esse.

121 2902 203 2944 mus.
237 2887 294 2942 Sed
307 2887 377 2960 quid
394 2887 499 2943 faciam
515 2888 544 2942 in
562 2905 598 2944 eo
608 2926 619 2956 ,
636 2887 715 2960 quod
734 2887 915 2958 impossibile
929 2898 976 2942 est
987 2886 1072 2944 fieri?
1106 2886 1180 2943 Non

123 2975 211 3047 igitur
235 2977 430 3048 pertinaciae,
454 2977 506 3031 sed
524 2993 613 3032 verae
638 2976 838 3036 conscientiae
855 2992 938 3031 meae
961 2989 990 3033 ct
1009 2976 1180 3033 necessitati

122 3066 190 3123 lidei
207 3083 292 3122 meae
314 3066 490 3138 imputabis,
514 3067 538 3121 si
563 3075 643 3121 recte
660 3066 746 3122 voles
768 3066 882 3135 locere,
907 3067 987 3139 quod
1003 3063 1081 3122 hanc
1107 3083 1181 3122 con.

122 3157 256 3214 cordiam
274 3156 418 3212 detrecto.
453 3155 610 3230 Sperabam
628 3167 698 3230 post
716 3156 900 3228 colloquium
916 3166 1054 3213 nostrum
1065 3157 1180 3213 Cobur.

121 3262 213 3316 gensc
232 3245 406 3315 magnifice,
430 3245 482 3301 sed
500 3260 571 3316 spes
595 3262 629 3299 ea
645 3246 778 3301 nondum
802 3244 914 3321 stabilis
939 3257 994 3302 est.
1027 3247 1179 3302 Dominus

121 3337 215 3393 Jesus
239 3335 384 3390 illuminet
408 3350 484 3405 nos,
510 3345 538 3390 et
560 3335 728 3391 concordes
752 3337 883 3407 perfecte
901 3337 1004 3405 facist,
1028 3335 1089 3393 lroc
1106 3354 1179 3406 oro,

120 3425 185 3482 boc
210 3426 317 3498 ploro,
343 3424 405 3480 hoc
429 3441 534 3494 gemo,
559 3424 587 3479 in
613 3441 674 3496 quo
699 3425 869 3481 benevale.
904 3427 1115 3498 Witenbergae
1132 3428 1179 3484 die

120 3520 164 3574 22.
181 3515 322 3583 danuam,
338 3531 415 3571 anno
431 3513 615 3572 Mnxxru.

854 3643 1005 3709 Martinus
1021 3646 1146 3704 Luthet.
