2586 4696
554 327 644 427 asan.
1064 320 1126 395 ιι)

64 496 114 536 aes
133 483 492 552 inconsentaneum,
515 486 590 542 nihil
606 493 669 553 est,
695 483 776 558 quod
789 485 922 556 jactent,
941 482 1022 556 pium
1039 496 1124 550 esse,

62 572 174 626 licitum
193 589 280 639 esse,
302 576 587 640 mantuanense,
610 575 816 636 eucharistiam
834 591 918 641 esse,
940 571 1125 643 disciplinam

60 678 140 718 esse.
166 664 193 727 ¹)
232 663 323 719 Deus
347 665 401 719 iata
426 683 485 720 non
511 676 612 733 curat,
637 664 690 721 sed
715 664 882 719 mandatum
908 679 996 720 suum
1022 661 1123 731 exigit.

57 756 189 809 Ademta
206 754 295 825 igitur
310 772 400 812 causa
417 756 582 825 efficiente,
603 775 663 812 non
690 741 788 827 potest
807 755 906 812 resisti
923 755 991 810 ullis
1008 752 1035 819 ²)
1053 753 1125 808 abc.

54 844 271 899 minationibus
287 845 482 913 antichristi,
501 846 570 917 quin
585 841 612 911 ³)
631 834 724 901 dicat:
741 846 808 900 Hoc
821 845 919 915 pium,
937 843 999 897 hoc
1012 843 1123 897 licitum

55 943 105 988 est
118 945 180 989 ete.
205 935 295 1008 'Quis
309 921 389 991 enirn
399 928 431 1001 ⁴)
444 935 492 991 hic
505 936 559 990 erit
570 936 684 1005 judex,
703 935 770 1006 quis
783 923 941 989 definiior?
974 932 1124 1003 Exempla

55 1024 184 1090 adsunt,
201 1040 279 1095 quae
293 1025 458 1094 urgebunt,
476 1036 506 1079 et
523 1025 608 1078 facile
625 1023 809 1079 obtinebunt.
842 1023 931 1079 Pium
950 1033 1014 1076 erat
1032 1010 1123 1076 filium

54 1104 251 1177 immolare⁵l
270 1112 410 1185 exemplo
430 1112 581 1168 Abrahae·
600 1114 679 1184 pium
695 1123 758 1168 crat
775 1111 1027 1181 (aitMuncerus)
1040 1110 1124 1164 occi.

53 1203 128 1256 dere
147 1217 238 1272 reges
253 1201 370 1257 Canaan
389 1214 418 1257 et
436 1206 639 1270 Amorraeus,
657 1219 728 1271 ergo
746 1201 920 1256 occidamus
937 1210 995 1256 etc.
1017 1199 1124 1270 igitur

53 1309 70 1344 a
88 1308 181 1345 causa
198 1291 345 1347 efficiente
361 1310 423 1361 non
440 1290 572 1348 discedo.
606 1291 673 1345 Hoc
690 1291 828 1363 primum.

119 1437 282 1507 Secundo,
311 1454 417 1494 caueae
443 1448 510 1493 tuae
536 1439 646 1496 fiinales
675 1450 744 1495 sunt
772 1454 878 1495 omnes
907 1438 1120 1510 impossibiles.

51 1524 136 1582 Nam
156 1529 183 1581 si
202 1544 361 1598 quaeram,
375 1542 463 1599 'quae
480 1530 538 1584 sint
556 1530 602 1583 illa
619 1530 665 1599 pia
682 1530 728 1584 vel
753 1529 847 1595 licita,
873 1545 928 1600 per
950 1527 1122 1584 traditiones

56 1617 235 1671 statuenda?
263 1618 360 1673 dices:
389 1618 584 1686 eucharistia,
614 1619 769 1691 disciplina
796 1630 854 1674 etc.
896 1621 936 1671 At
960 1617 1036 1671 haec
1056 1619 1122 1688 jam

54 1709 153 1761 verbo
172 1706 276 1761 divino
294 1718 364 1762 sunt
380 1717 497 1764 statuta.
532 1707 690 1778 Praecepit
709 1708 787 1762 enim
803 1707 891 1762 Deus
909 1723 996 1761 orare
1005 1746 1016 1774 ,
1037 1723 1122 1778 prae.

60 1797 175 1864 dicare,
191 1800 299 1867 gratias
317 1812 420 1867 agere,
438 1813 582 1852 exercere
601 1813 739 1864 carnem,
752 1791 782 1863 6)
800 1797 915 1850 erudire
933 1786 1077 1867 populum
1090 1805 1123 1871 ‘i

59 1903 178 1957 pueros.
212 1887 264 1942 Da
281 1887 379 1942 milri
372 1889 459 1957 agitur
475 1904 550 1957 opus
569 1888 706 1956 aliquod,
724 1886 930 1941 traditionibus
942 1886 1121 1961 subjectum.

58 1980 105 2030 Aa
142 1977 365 2048 purgatorium,
399 1977 669 2050 peregrinationes,
700 1977 916 2046 fraternitates,
948 1985 1124 2054 sanctorum

57 2069 171 2122 cultum
188 2067 295 2123 dabis?
328 2067 410 2122 Haec
426 2069 536 2122 scilicet
553 2059 583 2132 ⁷)
606 2077 677 2121 sunt
700 2078 784 2121 extra
801 2066 927 2120 verbum
944 2066 1023 2134 Dei,
1049 2076 1078 2121 at
1092 2056 1124 2133 ⁸)

54 2159 179 2214 aimul'
171 2159 262 2230 impia
286 2175 418 2230 quoque.
451 2158 576 2214 Nullum
601 2158 688 2227 igitur
713 2174 780 2211 cum
807 2157 846 2212 sit
862 2148 892 2225 9)
917 2173 1012 2228 opus,
1038 2138 1123 2233 quod

56 2250 177 2303 traditio
196 2248 297 2320 possit
314 2249 351 2302 de
367 2263 448 2302 novo
466 2259 612 2315 statuere,
631 2263 821 2318 consequens
839 2258 903 2312 est,
920 2259 952 2300 ut
966 2263 1042 2320 opus
1055 2248 1122 2317 jam

56 2339 199 2392 disinitus
217 2350 410 2409 praeceptum
435 2337 652 2409 apprehendat,
679 2351 709 2391 et
734 2337 824 2391 veluti
850 2338 1122 2417 praedicamentum

55 2429 239 2485 substantiae
251 2441 481 2500 praesupponat,
496 2428 576 2499 quod
590 2438 692 2498 postea
705 2427 878 2495 solenniset,
888 2427 925 2492 111)
936 2438 969 2481 ut
981 2428 1074 2497 ajunt,
1083 2405 1128 2493 11)

58 2532 86 2574 et
106 2520 217 2574 vestiat
244 2519 418 2591 quantitate,
446 2519 601 2590 qualitate,
625 2518 695 2582 ubi,
720 2518 857 2588 quando,
883 2518 918 2572 ad
937 2518 1063 2588 aliquid,
1088 2527 1123 2574 ut

62 2611 167 2681 gratias
177 2626 265 2680 agere
279 2624 355 2680 opus
369 2618 414 2663 est
426 2608 607 2674 traditionis,
625 2608 683 2661 imo
697 2623 757 2660 non
769 2608 951 2674 traditioniS,
969 2608 1022 2661 sed
1038 2624 1122 2678 prae.

63 2701 139 2769 cepti
156 2699 260 2754 divini:
280 2698 311 2752 lit
327 2715 400 2752 vero
418 2697 597 2764 traditionis,
623 2697 744 2751 dumea
762 2696 867 2763 dictat,
892 2696 949 2750 lrac
965 2695 1041 2751 hora
1058 2696 1123 2753 hoo

61 2787 152 2854 loco,
168 2787 222 2841 hac
239 2805 336 2854 voce,
353 2796 431 2841 tanta
448 2802 551 2854 mora,
574 2786 636 2839 hoc
652 2785 773 2853 habitu,
795 2784 856 2838 hoc
875 2785 914 2851 12)
932 2797 1019 2854 gestu
1036 2787 1122 2841 volu.

59 2894 129 2931 mus
148 2875 175 2930 id
191 2871 320 2932 efficere'.
355 2880 394 2930 At
411 2877 486 2930 haec
503 2875 741 2945 praedicamenta
759 2874 980 2929 accidentium'
973 2894 1001 2929 ιιι
1021 2877 1121 2948 operi.

58 2967 116 3022 bus
129 2966 192 3022 suia
204 2967 294 3022 Deus
306 2966 401 3020 voluit
413 2981 481 3021 esse
497 2964 587 3063 libera
605 2973 634 3017 et
652 2978 722 3017 vere
736 2964 896 3019 accidentia
905 2981 1120 3038 ,nequaquam

56 3075 130 3113 vero
149 3056 356 3113 substantiam.

122 3204 198 3257 Jam
210 3202 286 3256 redit
297 3202 453 3273 disputatio
466 3199 500 3253 ad
513 3199 658 3253 circulum
671 3216 759 3254 suum
767 3239 777 3268 ,
795 3197 925 3272 quod1³>
938 3218 995 3256 nec
1008 3202 1072 3273 ipsa
1080 3194 1122 3279 ¹⁴)

57 3293 224 3347 accidentia
242 3293 319 3347 ullus
337 3303 436 3363 potest
453 3283 494 3356 ¹⁵)
518 3291 580 3345 aliis
597 3292 769 3361 imponere,
792 3292 848 3345 nisi
864 3292 969 3360 jussus
987 3304 1017 3347 et
1034 3304 1067 3347 nt
1083 3288 1124 3359 ¹⁶)

60 3400 152 3437 causa
169 3381 303 3436 efficiens
321 3381 420 3435 aDeo
438 3392 579 3447 vocatus,
597 3379 674 3433 sicut
686 3371 728 3446 ¹7)
746 3380 771 3433 si
789 3382 856 3450 quis
874 3380 1006 3452 loquitur
1022 3392 1050 3435 et
1067 3383 1122 3436 mi.

107 3633 131 3680 1)
149 3629 362 3674 aurit-esse.
411 3631 434 3675 2)
448 3628 541 3674 ¹lludd.
555 3630 621 3678 aii.
645 3627 723 3675 Flac.
743 3629 877 3676 coelest.
898 3628 957 3675 istis.
984 3631 1045 3680 ῶώ.
1063 3630 1120 3676 illis.

59 3703 82 3753 3)
100 3703 140 3749 Fi.
158 3704 243 3749 Cael.
261 3707 291 3748 Α.
310 3716 370 3750 cum.
390 3703 450 3753 &aa
468 3704 540 3758 quod.
588 3705 611 3753 d)
628 3704 688 3753 δᾶ).
702 3714 772 3749 vera.
821 3706 843 3755 5)
861 3703 1122 3755 atandrensium.

60 3776 277 3830 diemcrneeta.
314 3776 626 3829 vedaetccteratmc.
662 3780 684 3830 8)
699 3777 724 3822 C.
739 3789 774 3823 ac.
812 3777 1122 3830 itemadaimtnreum.

61 3854 94 3904 an
109 3851 135 3897 c.
148 3850 298 3897 solenniter.
340 3850 589 3903 arsenatem.
633 3849 772 3902 nisan.
816 3848 1010 3904 salsasque.
1050 3840 1125 3902 rna

62 3927 135 3976 aaut.
160 3925 294 3976 emata
331 3924 439 3976 litem.
455 3925 540 3981 possit.
578 3923 789 3978 ididia-ut.
827 3923 1122 3976 llllliltdtttitrlll.ttni

63 4000 254 4057 narnia,
272 3999 510 4054 transrenensi.
1057 3987 1060 3999 '
