2586 4696
188 332 257 412 ms
673 347 765 418 trio.
865 300 869 318 ⁴

189 502 271 578 quod
289 505 415 578 ipsemet
432 504 556 564 difficilis
573 522 640 564 esse
656 507 731 564 mihi
749 507 830 562 visus
848 515 895 563 est
911 506 947 562 ad
964 521 1028 562 eam
1042 503 1242 579 provinciam,

189 602 254 649 tum
272 596 353 668 quo'd
369 597 492 666 nescio,
513 597 726 652 consuitumne
742 597 799 665 sit,
816 613 853 650 an
871 613 942 652 non.
976 596 1094 652 Tamen
1112 611 1181 649 cum
1198 595 1242 648 sic

187 685 299 755 urgetis
316 688 341 751 ¹)
361 702 466 743 omnes
484 687 570 749 istic,
588 686 811 759 persuasimus,
834 695 867 740 ut
884 685 984 740 isthuc
1001 685 1156 754 migraret,
1179 683 1243 754 ipsc

187 774 328 845 visurus,
346 794 384 832 an
401 777 561 833 commode
579 777 624 832 sic
642 792 676 832 se
693 776 847 831 absolvere
865 784 914 830 tut
931 775 1044 846 alligare
1062 783 1177 846 posset.

253 919 304 976 De
321 921 451 977 comitiis
469 937 549 978 certa
567 931 612 978 est
628 923 783 991 sententia,
801 922 958 977 Caesarem
975 921 1113 976 mandare
1130 920 1241 991 simpli.

185 1008 281 1079 citer,
305 1019 339 1064 ut
354 1010 454 1066 omnia
472 1013 663 1067 restituantur
677 1009 705 1076 ²)
722 1011 751 1069 in
768 1011 931 1081 integrum,
955 1020 985 1064 et
1003 1009 1099 1081 Papae
1117 1026 1242 1079 regnum

184 1099 295 1154 debere
312 1111 407 1169 stare,
425 1110 455 1156 et
472 1101 605 1169 firmius,
629 1114 719 1172 quam
736 1109 839 1166 antea,
864 1116 939 1171 quae
956 1100 1061 1154 duritia
1078 1109 1194 1153 motum
1212 1099 1240 1153 in

183 1189 309 1261 imperio
332 1190 472 1245 excitabit
496 1186 604 1257 ³)·(ut
627 1187 747 1254 metuo)
775 1188 804 1245 in
828 1189 992 1260 perniciem
1016 1189 1187 1258 pontificum
1213 1196 1243 1242 et

183 1280 267 1335 cleri.
300 1280 379 1337 Nam
400 1280 534 1353 potiores
557 1279 664 1348 urbes,
689 1295 797 1349 nempe
814 1277 1027 1347 Norimberga,
1052 1279 1157 1343 Ulma,
1181 1282 1242 1332 Au.

122 1416 131 1441 x
182 1379 284 1441 gusta,
303 1370 476 1440 Argentina,
495 1369 720 1448 Francofordia,
737 1384 807 1424 cum
825 1369 888 1424 aiiis
905 1368 1062 1424 duodecim
1081 1369 1176 1439 palam
1193 1385 1240 1421 re.

118 1452 121 1464 ¹
180 1469 287 1515 cusant
305 1469 334 1514 et
351 1459 514 1514 detrectant
526 1460 680 1514 decretum
694 1458 843 1523 Caesaris,
863 1469 893 1514 et
909 1468 1083 1514 constanter
1100 1473 1169 1512 cum
1186 1473 1240 1511 no.

180 1547 251 1604 stris
260 1548 452 1623 Principibus
475 1550 592 1604 fortiter
608 1549 703 1604 verbo
723 1549 894 1605 adhaerent.
923 1549 1045 1604 Dicitur
1057 1548 1158 1615 etiam,
1178 1548 1239 1602 imo

179 1651 297 1695 certum
314 1649 375 1706 est,
391 1638 609 1696 Ferdinandum
628 1655 729 1709 regem
746 1637 953 1695 Romanorum
972 1638 1141 1707 eligentium
1159 1654 1238 1705 esse,

180 1730 297 1787 scilicet
314 1740 362 1799 ut,
388 1747 459 1786 cum
477 1746 530 1785 sua
548 1745 636 1799 regna
653 1729 802 1798 amiserit,
825 1728 934 1784 habeat
951 1729 1156 1783 adhucunum
1174 1728 1241 1782 reli.

180 1836 292 1893 quum,
311 1819 391 1892 quod
404 1819 461 1874 iilis
474 1818 590 1873 amissis
605 1818 702 1882 addat,
713 1827 742 1872 et
755 1817 805 1874 fiet
816 1819 934 1873 tandem
948 1819 1079 1889 perfecta
1091 1817 1241 1873 calamitas

180 1909 262 1964 orbis
279 1913 385 1965 nostri.
419 1909 549 1964 Audisse
566 1919 596 1964 te
614 1910 706 1964 credo
724 1909 761 1964 de
778 1907 890 1963 diluvio
902 1908 1042 1963 Romano
1055 1919 1084 1962 et
1095 1909 1133 1962 de
1144 1908 1239 1963 altero

177 1997 209 2054 in
235 1998 392 2054 Brabantis
416 2007 446 2053 et
471 1997 621 2064 flandria,
647 2007 778 2069 utroque
801 1996 1018 2052 crudelissimo.
1061 1997 1148 2066 Signa
1169 1998 1239 2052 satis

178 2103 284 2156 magna
300 2097 330 2143 ct
346 2088 437 2142 muita
455 2086 543 2143 Deus
561 2086 705 2151 ostendit,
730 2087 784 2141 sed
802 2102 835 2140 ea
853 2086 924 2141 nihii
941 2097 1043 2142 curant
1065 2087 1154 2157 impii.
1188 2087 1239 2141 vi.

177 2176 296 2233 sionem
314 2177 392 2233 iilum
409 2176 591 2248 Spirensium
608 2175 829 2231 monachorum
845 2175 873 2242 *i
897 2192 1018 2248 quoque
1035 2193 1092 2232 vos
1110 2176 1238 2232 audiisse

177 2267 282 2322 credo.
317 2269 358 2320 At
375 2250 482 2321 recens
495 2265 559 2335 jam
577 2274 747 2336 spectrum,
765 2263 846 2335 quod
865 2265 940 2335 apud
957 2264 1059 2322 Baden
1071 2265 1168 2322 visum
1181 2275 1238 2334 ast,

177 2357 296 2413 scilicet
320 2356 471 2410 exercitus
495 2352 642 2429 pedestris
666 2353 697 2409 in
719 2362 804 2422 asra,
830 2363 860 2409 et
877 2353 907 2408 in
926 2352 1014 2409 latere
1032 2356 1097 2425 ejus
1113 2355 1239 2410 mititem

176 2447 368 2520 primarium,
386 2446 548 2517 jactantem
564 2453 593 2498 ct
610 2442 775 2499 vibrantem
791 2443 925 2498 lanceam
943 2454 973 2499 et
988 2445 1071 2500 velut
1088 2445 1239 2517 triumpho

178 2539 352 2608 gestientem
368 2553 413 2590 ,ea
434 2535 527 2603 facie,
552 2544 686 2590 montem
710 2534 840 2589 vicinum
863 2544 893 2589 et
909 2533 1051 2590 Rhenum
1075 2537 1238 2594 trmtsiisse.

177 2627 260 2684 Haec
275 2624 414 2683 Brentius
432 2623 497 2678 heri
514 2623 586 2679 mihi
605 2623 735 2695 scripsit.
769 2623 820 2677 De
833 2623 935 2679 Turca
952 2626 1025 2679 mira
1043 2636 1073 2680 et
1089 2625 1240 2682 horrenda

178 2716 231 2773 hic
244 2717 391 2771 dicuntur.
425 2712 537 2782 Miror,
555 2711 635 2784 quod
648 2728 703 2766 vos
721 2711 792 2766 nihii
811 2712 851 2770 de,
865 2713 923 2768 hac
935 2731 966 2768 re
980 2714 1128 2769 scribatis.
1164 2716 1241 2771 Ore.

179 2823 248 2862 mus
268 2806 440 2873 Christum,
467 2814 501 2858 ut
527 2803 616 2857 finem
640 2801 736 2869 faciat,
751 2802 814 2858 istis
841 2805 982 2859 monstris
1007 2815 1036 2859 et
1055 2807 1154 2860 veniat
1170 2824 1239 2860 cum

180 2896 272 2967 gioria
296 2904 326 2951 et
347 2897 500 2964 majestate
524 2907 581 2948 nos
601 2901 756 2964 erepturus
773 2884 805 2963 ⁴)
830 2907 870 2947 ex
892 2892 940 2948 his
964 2896 1109 2951 motibus.
1142 2897 1239 2952 Saluta

182 3001 287 3044 omues
304 2995 433 3041 vestros.
469 2983 505 3041 ln
521 2981 616 3052 vigilia
633 2981 664 3037 S.
680 2980 818 3050 Nicolsi,
835 2999 912 3038 anno
930 2984 1098 3040 MDxxx.

911 3128 951 3188 T.
968 3129 1061 3187 Mart.
1080 3129 1202 3187 Luther.

235 3707 491 3768 inanimantis.
534 3705 810 3763 Dsonuisrestitui.
851 3708 910 3760 ³)ti
932 3706 1022 3754 citabit.
1062 3708 1240 3762 immittitu

185 3788 322 3844 erupturas.

236 4023 260 4074 0)
271 4019 329 4077 sn.
341 4017 387 4070 st.
399 4023 422 4068 s.
434 4018 468 4073 as
481 4017 582 4075 sauss,
595 4016 860 4075 mucetum,
871 4029 902 4068 nr
915 4007 1092 4073 ntundnan
