<?xml version="1.0" encoding="UTF-8"?>
<!DOCTYPE html PUBLIC "-//W3C//DTD XHTML 1.0 Transitional//EN"
    "http://www.w3.org/TR/xhtml1/DTD/xhtml1-transitional.dtd">
<html xmlns="http://www.w3.org/1999/xhtml" xml:lang="en" lang="en">
 <head>
  <title>
</title>
<meta http-equiv="Content-Type" content="text/html;charset=utf-8" />
  <meta name='ocr-system' content='tesseract 3.04.00' />
  <meta name='ocr-capabilities' content='ocr_page ocr_carea ocr_par ocr_line ocrx_word'/>
</head>
<body>
  <div class='ocr_page' id='page_1' title='image "./briefesendschre00luthgoog_0546.png"; bbox 0 0 2586 4696; ppageno 0'>
   <div class='ocr_carea' id='block_1_1' title="bbox 27 293 1125 899">
    <p class='ocr_par' dir='ltr' id='par_1_1' title="bbox 27 293 1125 899">
     <span class='ocr_line' id='line_1_1' title="bbox 545 293 1121 388; baseline -0.01 -2"><span class='ocrx_word' id='word_1_1' title='bbox 545 315 640 388; x_wconf 75' lang='lat' dir='ltr'><strong>assu</strong></span> <span class='ocrx_word' id='word_1_2' title='bbox 1059 293 1121 380; x_wconf 80' lang='lat' dir='ltr'><strong>sit</strong></span> 
     </span>
     <span class='ocr_line' id='line_1_2' title="bbox 62 473 1123 546; baseline -0.008 -15"><span class='ocrx_word' id='word_1_3' title='bbox 62 485 132 531; x_wconf 82' lang='lat' dir='ltr'><strong>asse</strong></span> <span class='ocrx_word' id='word_1_4' title='bbox 148 481 209 530; x_wconf 87' lang='lat' dir='ltr'><strong>tam</strong></span> <span class='ocrx_word' id='word_1_5' title='bbox 225 474 332 531; x_wconf 78' lang='lat' dir='ltr'>delirae</span> <span class='ocrx_word' id='word_1_6' title='bbox 348 477 478 546; x_wconf 87' lang='lat' dir='ltr'><strong>mentis,</strong></span> <span class='ocrx_word' id='word_1_7' title='bbox 494 485 528 532; x_wconf 92' lang='lat' dir='ltr'><strong>ut</strong></span> <span class='ocrx_word' id='word_1_8' title='bbox 544 487 658 534; x_wconf 80' lang='lat' dir='ltr'><strong>tanmm</strong></span> <span class='ocrx_word' id='word_1_9' title='bbox 675 475 723 532; x_wconf 84' lang='lat' dir='ltr'><strong>isti</strong></span> <span class='ocrx_word' id='word_1_10' title='bbox 737 473 846 546; x_wconf 78' lang='lat' dir='ltr'><strong>figurae</strong></span> <span class='ocrx_word' id='word_1_11' title='bbox 857 473 1035 531; x_wconf 82' lang='lat' dir='ltr'><strong>vanissimae</strong></span> <span class='ocrx_word' id='word_1_12' title='bbox 1048 487 1123 526; x_wconf 88' lang='lat' dir='ltr'><strong>con.</strong></span> 
     </span>
     <span class='ocr_line' id='line_1_3' title="bbox 63 561 1124 637; baseline -0.003 -19"><span class='ocrx_word' id='word_1_13' title='bbox 63 564 169 629; x_wconf 74' lang='lat' dir='ltr'><strong>lidatil</strong></span> <span class='ocrx_word' id='word_1_14' title='bbox 187 583 243 621; x_wconf 91' lang='lat' dir='ltr'><strong>nos</strong></span> <span class='ocrx_word' id='word_1_15' title='bbox 262 584 321 621; x_wconf 88' lang='lat' dir='ltr'><strong>nou</strong></span> <span class='ocrx_word' id='word_1_16' title='bbox 335 568 434 622; x_wconf 86' lang='lat' dir='ltr'><strong>sulum</strong></span> <span class='ocrx_word' id='word_1_17' title='bbox 453 568 533 637; x_wconf 86' lang='lat' dir='ltr'><strong>cogit</strong></span> <span class='ocrx_word' id='word_1_18' title='bbox 549 569 585 622; x_wconf 85' lang='lat' dir='ltr'><strong>ad</strong></span> <span class='ocrx_word' id='word_1_19' title='bbox 603 567 753 622; x_wconf 84' lang='lat' dir='ltr'><strong>ferendam</strong></span> <span class='ocrx_word' id='word_1_20' title='bbox 769 565 921 622; x_wconf 82' lang='lat' dir='ltr'>libidinem</span> <span class='ocrx_word' id='word_1_21' title='bbox 934 566 999 635; x_wconf 86' lang='lat' dir='ltr'><strong>ejus</strong></span> <span class='ocrx_word' id='word_1_22' title='bbox 1011 561 1124 633; x_wconf 83' lang='lat' dir='ltr'><strong>amphi-</strong></span> 
     </span>
     <span class='ocr_line' id='line_1_4' title="bbox 27 651 1124 725; baseline -0.003 -16"><span class='ocrx_word' id='word_1_23' title='bbox 27 687 31 695; x_wconf 88' lang='lat'><em>·</em></span> <span class='ocrx_word' id='word_1_24' title='bbox 62 653 249 722; x_wconf 84' lang='lat' dir='ltr'><strong>bologisandi</strong></span> <span class='ocrx_word' id='word_1_25' title='bbox 276 657 473 725; x_wconf 81' lang='lat' dir='ltr'><strong>liberrimam,</strong></span> <span class='ocrx_word' id='word_1_26' title='bbox 501 658 555 713; x_wconf 81' lang='lat' dir='ltr'><strong>sed</strong></span> <span class='ocrx_word' id='word_1_27' title='bbox 583 658 671 712; x_wconf 90' lang='lat' dir='ltr'><strong>etiam</strong></span> <span class='ocrx_word' id='word_1_28' title='bbox 697 656 731 711; x_wconf 87' lang='lat' dir='ltr'><strong>ad</strong></span> <span class='ocrx_word' id='word_1_29' title='bbox 757 657 967 712; x_wconf 85' lang='lat' dir='ltr'><strong>necessitatem</strong></span> <span class='ocrx_word' id='word_1_30' title='bbox 995 651 1124 708; x_wconf 87' lang='lat' dir='ltr'><strong>tacendi.</strong></span> 
     </span>
     <span class='ocr_line' id='line_1_5' title="bbox 64 742 1125 818; baseline -0.003 -18"><span class='ocrx_word' id='word_1_31' title='bbox 64 744 184 800; x_wconf 83' lang='lat' dir='ltr'><strong>Offendi</strong></span> <span class='ocrx_word' id='word_1_32' title='bbox 199 763 256 802; x_wconf 87' lang='lat' dir='ltr'><strong>nos</strong></span> <span class='ocrx_word' id='word_1_33' title='bbox 274 746 360 818; x_wconf 88' lang='lat' dir='ltr'><strong>plane</strong></span> <span class='ocrx_word' id='word_1_34' title='bbox 377 748 441 802; x_wconf 82' lang='lat' dir='ltr'><strong>vult</strong></span> <span class='ocrx_word' id='word_1_35' title='bbox 458 758 487 802; x_wconf 89' lang='lat' dir='ltr'><strong>et</strong></span> <span class='ocrx_word' id='word_1_36' title='bbox 507 746 607 818; x_wconf 88' lang='lat' dir='ltr'><strong>cupit,</strong></span> <span class='ocrx_word' id='word_1_37' title='bbox 632 758 664 802; x_wconf 91' lang='lat' dir='ltr'><strong>ut</strong></span> <span class='ocrx_word' id='word_1_38' title='bbox 688 748 780 802; x_wconf 88' lang='lat' dir='ltr'><strong>rideat</strong></span> <span class='ocrx_word' id='word_1_39' title='bbox 805 762 876 802; x_wconf 90' lang='lat' dir='ltr'><strong>cum</strong></span> <span class='ocrx_word' id='word_1_40' title='bbox 900 746 961 801; x_wconf 88' lang='lat' dir='ltr'><strong>suis</strong></span> <span class='ocrx_word' id='word_1_41' title='bbox 984 742 1125 814; x_wconf 76' lang='lat' dir='ltr'><strong>Epicurio</strong></span> 
     </span>
     <span class='ocr_line' id='line_1_6' title="bbox 63 835 1124 899; baseline -0.004 -10"><span class='ocrx_word' id='word_1_42' title='bbox 63 851 121 890; x_wconf 89' lang='lat' dir='ltr'><strong>nos</strong></span> <span class='ocrx_word' id='word_1_43' title='bbox 147 835 266 891; x_wconf 87' lang='lat' dir='ltr'><strong>stultos.</strong></span> <span class='ocrx_word' id='word_1_44' title='bbox 299 836 418 890; x_wconf 87' lang='lat' dir='ltr'><strong>Rursus</strong></span> <span class='ocrx_word' id='word_1_45' title='bbox 444 836 543 891; x_wconf 91' lang='lat' dir='ltr'><strong>audire</strong></span> <span class='ocrx_word' id='word_1_46' title='bbox 570 853 630 891; x_wconf 93' lang='lat' dir='ltr'><strong>non</strong></span> <span class='ocrx_word' id='word_1_47' title='bbox 653 838 715 891; x_wconf 82' lang='lat' dir='ltr'><strong>vult</strong></span> <span class='ocrx_word' id='word_1_48' title='bbox 738 852 795 891; x_wconf 89' lang='lat' dir='ltr'><strong>nos</strong></span> <span class='ocrx_word' id='word_1_49' title='bbox 817 851 887 891; x_wconf 87' lang='lat' dir='ltr'><strong>esse</strong></span> <span class='ocrx_word' id='word_1_50' title='bbox 910 835 1062 899; x_wconf 84' lang='lat' dir='ltr'><strong>offensos,</strong></span> <span class='ocrx_word' id='word_1_51' title='bbox 1086 848 1124 886; x_wconf 86' lang='lat' dir='ltr'><strong>ne</strong></span> 
     </span>
    </p>
   </div>
   <div class='ocr_carea' id='block_1_2' title="bbox 64 923 1125 1088">
    <p class='ocr_par' dir='ltr' id='par_1_2' title="bbox 64 923 1125 1088">
     <span class='ocr_line' id='line_1_7' title="bbox 64 923 1125 994; baseline -0.003 -16"><span class='ocrx_word' id='word_1_52' title='bbox 64 925 200 979; x_wconf 85' lang='lat' dir='ltr'><strong>videatur</strong></span> <span class='ocrx_word' id='word_1_53' title='bbox 220 942 282 994; x_wconf 85' lang='lat' dir='ltr'><strong>non</strong></span> <span class='ocrx_word' id='word_1_54' title='bbox 306 940 374 979; x_wconf 83' lang='lat' dir='ltr'><strong>esse</strong></span> <span class='ocrx_word' id='word_1_55' title='bbox 400 924 677 982; x_wconf 85' lang='lat' dir='ltr'><strong>christianissimus.</strong></span> <span class='ocrx_word' id='word_1_56' title='bbox 719 925 768 979; x_wconf 84' lang='lat' dir='ltr'><strong>Sic</strong></span> <span class='ocrx_word' id='word_1_57' title='bbox 792 940 849 981; x_wconf 85' lang='lat' dir='ltr'><strong>nos</strong></span> <span class='ocrx_word' id='word_1_58' title='bbox 872 923 973 978; x_wconf 86' lang='lat' dir='ltr'><strong>miseri</strong></span> <span class='ocrx_word' id='word_1_59' title='bbox 999 923 1125 977; x_wconf 88' lang='lat' dir='ltr'><strong>vulnera</strong></span> 
     </span>
     <span class='ocr_line' id='line_1_8' title="bbox 65 1011 1124 1088; baseline 0.001 -21"><span class='ocrx_word' id='word_1_60' title='bbox 65 1014 137 1088; x_wconf 59' lang='lat' dir='ltr'><strong>sine,</strong></span> <span class='ocrx_word' id='word_1_61' title='bbox 150 1013 204 1068; x_wconf 89' lang='lat' dir='ltr'><strong>line</strong></span> <span class='ocrx_word' id='word_1_62' title='bbox 223 1016 280 1086; x_wconf 85' lang='lat' dir='ltr'><strong>pati</strong></span> <span class='ocrx_word' id='word_1_63' title='bbox 297 1015 460 1083; x_wconf 89' lang='lat' dir='ltr'><strong>debemus,</strong></span> <span class='ocrx_word' id='word_1_64' title='bbox 478 1032 597 1084; x_wconf 81' lang='lat' dir='ltr'><strong>gemere</strong></span> <span class='ocrx_word' id='word_1_65' title='bbox 609 1014 789 1069; x_wconf 82' lang='lat' dir='ltr'><strong>aut&#39;hiecere</strong></span> <span class='ocrx_word' id='word_1_66' title='bbox 806 1026 867 1071; x_wconf 88' lang='lat' dir='ltr'><strong>non</strong></span> <span class='ocrx_word' id='word_1_67' title='bbox 879 1013 1033 1071; x_wconf 77' lang='lat' dir='ltr'><strong>debemus.</strong></span> <span class='ocrx_word' id='word_1_68' title='bbox 1065 1011 1124 1078; x_wconf 64' lang='lat' dir='ltr'><strong>{lta</strong></span> 
     </span>
    </p>
   </div>
   <div class='ocr_carea' id='block_1_3' title="bbox 66 1100 1129 1261">
    <p class='ocr_par' dir='ltr' id='par_1_3' title="bbox 66 1100 1129 1261">
     <span class='ocr_line' id='line_1_9' title="bbox 66 1100 1129 1261; baseline -0.001 -100"><span class='ocrx_word' id='word_1_69' title='bbox 66 1115 112 1261; x_wconf 51' lang='lat' dir='ltr'><strong>reeb,</strong></span> <span class='ocrx_word' id='word_1_70' title='bbox 128 1101 222 1259; x_wconf 54' lang='lat' dir='ltr'><strong>lum</strong></span> <span class='ocrx_word' id='word_1_71' title='bbox 237 1102 363 1172; x_wconf 65' lang='lat' dir='ltr'><strong>sunteas</strong></span> <span class='ocrx_word' id='word_1_72' title='bbox 379 1104 429 1163; x_wconf 80' lang='lat' dir='ltr'><strong>trs</strong></span> <span class='ocrx_word' id='word_1_73' title='bbox 447 1102 511 1170; x_wconf 72' lang='lat' dir='ltr'><strong>nul</strong></span> <span class='ocrx_word' id='word_1_74' title='bbox 531 1116 595 1162; x_wconf 80' lang='lat' dir='ltr'><strong>nen</strong></span> <span class='ocrx_word' id='word_1_75' title='bbox 612 1102 673 1172; x_wconf 71' lang='lat' dir='ltr'><strong>rudi</strong></span> <span class='ocrx_word' id='word_1_76' title='bbox 691 1100 829 1170; x_wconf 70' lang='lat' dir='ltr'><strong>ledricus</strong></span> <span class='ocrx_word' id='word_1_77' title='bbox 846 1100 995 1171; x_wconf 74' lang='lat' dir='ltr'><strong>funiculu)</strong></span> <span class='ocrx_word' id='word_1_78' title='bbox 1012 1100 1060 1168; x_wconf 80' lang='lat' dir='ltr'><strong>beu</strong></span> <span class='ocrx_word' id='word_1_79' title='bbox 1076 1100 1129 1160; x_wconf 82' lang='lat' dir='ltr'><strong>teu</strong></span> 
     </span>
     <span class='ocr_line' id='line_1_10' title="bbox 109 1200 1021 1253; baseline -0.008 -1"><span class='ocrx_word' id='word_1_80' title='bbox 109 1207 134 1253; x_wconf 86' lang='lat' dir='ltr'><strong>u</strong></span> <span class='ocrx_word' id='word_1_81' title='bbox 158 1206 201 1253; x_wconf 80' lang='lat' dir='ltr'><strong>en.</strong></span> <span class='ocrx_word' id='word_1_82' title='bbox 292 1244 297 1251; x_wconf 83' lang='grc'><strong>.</strong></span> <span class='ocrx_word' id='word_1_83' title='bbox 1015 1200 1021 1207; x_wconf 94' lang='grc'><em>·</em></span> 
     </span>
    </p>
   </div>
   <div class='ocr_carea' id='block_1_4' title="bbox 66 1318 1144 2471">
    <p class='ocr_par' dir='ltr' id='par_1_4' title="bbox 66 1318 1144 2471">
     <span class='ocr_line' id='line_1_11' title="bbox 77 1318 1129 1398; baseline -0.004 -19"><span class='ocrx_word' id='word_1_84' title='bbox 77 1342 78 1348; x_wconf 57' lang='grc'><strong>“</strong></span> <span class='ocrx_word' id='word_1_85' title='bbox 132 1323 200 1379; x_wconf 92' lang='lat' dir='ltr'><strong>Nos</strong></span> <span class='ocrx_word' id='word_1_86' title='bbox 225 1339 298 1378; x_wconf 89' lang='lat' dir='ltr'><strong>vero</strong></span> <span class='ocrx_word' id='word_1_87' title='bbox 323 1324 491 1393; x_wconf 87' lang='lat' dir='ltr'><strong>christiani,</strong></span> <span class='ocrx_word' id='word_1_88' title='bbox 512 1326 564 1398; x_wconf 90' lang='lat' dir='ltr'><strong>qui</strong></span> <span class='ocrx_word' id='word_1_89' title='bbox 581 1342 641 1380; x_wconf 89' lang='lat' dir='ltr'><strong>non</strong></span> <span class='ocrx_word' id='word_1_90' title='bbox 658 1334 772 1381; x_wconf 85' lang='lat' dir='ltr'><strong>tantum</strong></span> <span class='ocrx_word' id='word_1_91' title='bbox 788 1321 945 1391; x_wconf 73' lang='lat' dir='ltr'><strong>victualia,</strong></span> <span class='ocrx_word' id='word_1_92' title='bbox 970 1318 1129 1376; x_wconf 83' lang='lat' dir='ltr'><strong>sedetiam</strong></span> 
     </span>
     <span class='ocr_line' id='line_1_12' title="bbox 67 1410 1131 1486; baseline -0.008 -16"><span class='ocrx_word' id='word_1_93' title='bbox 67 1414 200 1484; x_wconf 83' lang='lat' dir='ltr'><strong>Angelos</strong></span> <span class='ocrx_word' id='word_1_94' title='bbox 219 1425 248 1470; x_wconf 86' lang='lat' dir='ltr'><strong>et</strong></span> <span class='ocrx_word' id='word_1_95' title='bbox 265 1416 408 1469; x_wconf 87' lang='lat' dir='ltr'><strong>mundum</strong></span> <span class='ocrx_word' id='word_1_96' title='bbox 424 1431 530 1472; x_wconf 86' lang='lat' dir='ltr'><strong>sumus</strong></span> <span class='ocrx_word' id='word_1_97' title='bbox 542 1415 719 1486; x_wconf 84' lang='lat' dir='ltr'><strong>judicaturi,</strong></span> <span class='ocrx_word' id='word_1_98' title='bbox 744 1417 832 1470; x_wconf 89' lang='lat' dir='ltr'><strong>etiam</strong></span> <span class='ocrx_word' id='word_1_99' title='bbox 856 1414 892 1468; x_wconf 92' lang='lat' dir='ltr'><strong>de</strong></span> <span class='ocrx_word' id='word_1_100' title='bbox 916 1413 993 1467; x_wconf 82' lang='lat' dir='ltr'><strong>laeto</strong></span> <span class='ocrx_word' id='word_1_101' title='bbox 1015 1410 1131 1481; x_wconf 78' lang='lat' dir='ltr'><strong>judica.</strong></span> 
     </span>
     <span class='ocr_line' id='line_1_13' title="bbox 66 1500 1129 1575; baseline -0.005 -16"><span class='ocrx_word' id='word_1_102' title='bbox 66 1518 154 1571; x_wconf 86' lang='lat' dir='ltr'><strong>mus,</strong></span> <span class='ocrx_word' id='word_1_103' title='bbox 178 1502 262 1558; x_wconf 89' lang='lat' dir='ltr'><strong>istam</strong></span> <span class='ocrx_word' id='word_1_104' title='bbox 281 1503 463 1573; x_wconf 74' lang='lat' dir='ltr'><strong>tyrannidem</strong></span> <span class='ocrx_word' id='word_1_105' title='bbox 481 1503 755 1575; x_wconf 79' lang='lat' dir='ltr'><strong>amphibolistarum</strong></span> <span class='ocrx_word' id='word_1_106' title='bbox 773 1520 834 1559; x_wconf 90' lang='lat' dir='ltr'><strong>non</strong></span> <span class='ocrx_word' id='word_1_107' title='bbox 857 1503 956 1558; x_wconf 88' lang='lat' dir='ltr'><strong>solum</strong></span> <span class='ocrx_word' id='word_1_108' title='bbox 980 1518 1040 1556; x_wconf 89' lang='lat' dir='ltr'><strong>non</strong></span> <span class='ocrx_word' id='word_1_109' title='bbox 1060 1500 1129 1555; x_wconf 84' lang='lat' dir='ltr'><strong>feri.</strong></span> 
     </span>
     <span class='ocr_line' id='line_1_14' title="bbox 67 1591 1130 1665; baseline -0.006 -16"><span class='ocrx_word' id='word_1_110' title='bbox 67 1606 154 1660; x_wconf 82' lang='lat' dir='ltr'><strong>mus,</strong></span> <span class='ocrx_word' id='word_1_111' title='bbox 170 1593 223 1649; x_wconf 88' lang='lat' dir='ltr'><strong>sed</strong></span> <span class='ocrx_word' id='word_1_112' title='bbox 237 1604 340 1648; x_wconf 88' lang='lat' dir='ltr'><strong>contra</strong></span> <span class='ocrx_word' id='word_1_113' title='bbox 353 1594 534 1665; x_wconf 83' lang='lat' dir='ltr'><strong>opponimus</strong></span> <span class='ocrx_word' id='word_1_114' title='bbox 547 1595 710 1648; x_wconf 85' lang='lat' dir='ltr'><strong>libertatem</strong></span> <span class='ocrx_word' id='word_1_115' title='bbox 722 1592 849 1665; x_wconf 84' lang='lat' dir='ltr'><strong>duplicis</strong></span> <span class='ocrx_word' id='word_1_116' title='bbox 860 1591 1130 1648; x_wconf 71' lang='lat' dir='ltr'><strong>condemnationis.</strong></span> 
     </span>
     <span class='ocr_line' id='line_1_15' title="bbox 67 1682 1131 1754; baseline -0.008 -16"><span class='ocrx_word' id='word_1_117' title='bbox 67 1683 169 1738; x_wconf 88' lang='lat' dir='ltr'><strong>Prima</strong></span> <span class='ocrx_word' id='word_1_118' title='bbox 183 1692 230 1737; x_wconf 87' lang='lat' dir='ltr'><strong>est</strong></span> <span class='ocrx_word' id='word_1_119' title='bbox 245 1682 349 1754; x_wconf 87' lang='lat' dir='ltr'><strong>(quam</strong></span> <span class='ocrx_word' id='word_1_120' title='bbox 365 1683 452 1750; x_wconf 85' lang='lat' dir='ltr'><strong>dixi),</strong></span> <span class='ocrx_word' id='word_1_121' title='bbox 470 1693 502 1738; x_wconf 93' lang='lat' dir='ltr'><strong>ut</strong></span> <span class='ocrx_word' id='word_1_122' title='bbox 520 1684 617 1738; x_wconf 90' lang='lat' dir='ltr'><strong>omnia</strong></span> <span class='ocrx_word' id='word_1_123' title='bbox 630 1683 745 1739; x_wconf 88' lang='lat' dir='ltr'><strong>Erasmi</strong></span> <span class='ocrx_word' id='word_1_124' title='bbox 763 1682 897 1752; x_wconf 77' lang='lat' dir='ltr'><strong>ambigue</strong></span> <span class='ocrx_word' id='word_1_125' title='bbox 916 1682 993 1736; x_wconf 88' lang='lat' dir='ltr'><strong>dicta</strong></span> <span class='ocrx_word' id='word_1_126' title='bbox 1011 1682 1131 1734; x_wconf 81' lang='lat' dir='ltr'><strong>damus.</strong></span> 
     </span>
     <span class='ocr_line' id='line_1_16' title="bbox 67 1768 1131 1844; baseline -0.003 -17"><span class='ocrx_word' id='word_1_127' title='bbox 67 1787 155 1842; x_wconf 87' lang='lat' dir='ltr'><strong>tuus,</strong></span> <span class='ocrx_word' id='word_1_128' title='bbox 181 1781 211 1826; x_wconf 87' lang='lat' dir='ltr'><strong>et</strong></span> <span class='ocrx_word' id='word_1_129' title='bbox 229 1783 332 1826; x_wconf 86' lang='lat' dir='ltr'><strong>eontra</strong></span> <span class='ocrx_word' id='word_1_130' title='bbox 353 1773 450 1842; x_wconf 89' lang='lat' dir='ltr'><strong>ipsum</strong></span> <span class='ocrx_word' id='word_1_131' title='bbox 468 1773 666 1844; x_wconf 81' lang='lat' dir='ltr'><strong>accipiamus,</strong></span> <span class='ocrx_word' id='word_1_132' title='bbox 691 1768 769 1828; x_wconf 80' lang='lat' dir='ltr'><strong>siout</strong></span> <span class='ocrx_word' id='word_1_133' title='bbox 787 1771 925 1829; x_wconf 84' lang='lat' dir='ltr'><strong>Christus</strong></span> <span class='ocrx_word' id='word_1_134' title='bbox 952 1771 1044 1825; x_wconf 81' lang='lat' dir='ltr'><strong>dixit:</strong></span> <span class='ocrx_word' id='word_1_135' title='bbox 1072 1769 1131 1824; x_wconf 74' lang='lat' dir='ltr'><strong>Ex</strong></span> 
     </span>
     <span class='ocr_line' id='line_1_17' title="bbox 68 1858 1129 1936; baseline -0.007 -18"><span class='ocrx_word' id='word_1_136' title='bbox 68 1879 124 1918; x_wconf 80' lang='lat' dir='ltr'><strong>ore</strong></span> <span class='ocrx_word' id='word_1_137' title='bbox 140 1870 195 1917; x_wconf 86' lang='lat' dir='ltr'><strong>tuo</strong></span> <span class='ocrx_word' id='word_1_138' title='bbox 202 1862 317 1930; x_wconf 75' lang='lat' dir='ltr'><strong>jndice</strong></span> <span class='ocrx_word' id='word_1_139' title='bbox 335 1870 382 1930; x_wconf 85' lang='lat' dir='ltr'><strong>re,</strong></span> <span class='ocrx_word' id='word_1_140' title='bbox 399 1878 487 1918; x_wconf 82' lang='lat' dir='ltr'><strong>serve</strong></span> <span class='ocrx_word' id='word_1_141' title='bbox 499 1879 653 1936; x_wconf 79' lang='lat' dir='ltr'><strong>nequam:</strong></span> <span class='ocrx_word' id='word_1_142' title='bbox 671 1862 757 1917; x_wconf 89' lang='lat' dir='ltr'><strong>item:</strong></span> <span class='ocrx_word' id='word_1_143' title='bbox 778 1861 837 1916; x_wconf 82' lang='lat' dir='ltr'><strong>Ex</strong></span> <span class='ocrx_word' id='word_1_144' title='bbox 854 1858 956 1917; x_wconf 82' lang='lat' dir='ltr'><strong>uerbis</strong></span> <span class='ocrx_word' id='word_1_145' title='bbox 972 1861 1036 1915; x_wconf 83' lang='lat' dir='ltr'><strong>tuis</strong></span> <span class='ocrx_word' id='word_1_146' title='bbox 1051 1876 1129 1915; x_wconf 65' lang='lat' dir='ltr'><strong>eon,</strong></span> 
     </span>
     <span class='ocr_line' id='line_1_18' title="bbox 72 1947 1127 2026; baseline -0.001 -21"><span class='ocrx_word' id='word_1_147' title='bbox 72 1948 281 2007; x_wconf 83' lang='lat' dir='ltr'><strong>demnaberr&#39;s.</strong></span> <span class='ocrx_word' id='word_1_148' title='bbox 317 1951 419 2026; x_wconf 79' lang='lat' dir='ltr'><strong>Quare</strong></span> <span class='ocrx_word' id='word_1_149' title='bbox 442 1953 518 2007; x_wconf 90' lang='lat' dir='ltr'><strong>enim</strong></span> <span class='ocrx_word' id='word_1_150' title='bbox 544 1952 663 2006; x_wconf 86' lang='lat' dir='ltr'><strong>locutus</strong></span> <span class='ocrx_word' id='word_1_151' title='bbox 690 1968 722 2006; x_wconf 88' lang='lat' dir='ltr'><strong>es</strong></span> <span class='ocrx_word' id='word_1_152' title='bbox 747 1961 852 2006; x_wconf 88' lang='lat' dir='ltr'><strong>contra</strong></span> <span class='ocrx_word' id='word_1_153' title='bbox 877 1951 1001 2004; x_wconf 86' lang='lat' dir='ltr'><strong>animam</strong></span> <span class='ocrx_word' id='word_1_154' title='bbox 1025 1947 1127 2004; x_wconf 79' lang='lat' dir='ltr'><strong>tuam?</strong></span> 
     </span>
     <span class='ocr_line' id='line_1_19' title="bbox 69 2041 1129 2115; baseline -0.003 -17"><span class='ocrx_word' id='word_1_155' title='bbox 69 2043 189 2111; x_wconf 81' lang='lat' dir='ltr'><strong>sanguis</strong></span> <span class='ocrx_word' id='word_1_156' title='bbox 213 2052 281 2097; x_wconf 89' lang='lat' dir='ltr'><strong>tuus</strong></span> <span class='ocrx_word' id='word_1_157' title='bbox 307 2041 344 2095; x_wconf 87' lang='lat' dir='ltr'><strong>sit</strong></span> <span class='ocrx_word' id='word_1_158' title='bbox 368 2057 460 2115; x_wconf 85' lang='lat' dir='ltr'><strong>super</strong></span> <span class='ocrx_word' id='word_1_159' title='bbox 483 2050 573 2114; x_wconf 90' lang='lat' dir='ltr'><strong>caput</strong></span> <span class='ocrx_word' id='word_1_160' title='bbox 597 2051 689 2096; x_wconf 86' lang='lat' dir='ltr'><strong>tuum.</strong></span> <span class='ocrx_word' id='word_1_161' title='bbox 724 2041 874 2109; x_wconf 85' lang='lat' dir='ltr'><strong>Secunda,</strong></span> <span class='ocrx_word' id='word_1_162' title='bbox 901 2050 933 2095; x_wconf 92' lang='lat' dir='ltr'><strong>ut</strong></span> <span class='ocrx_word' id='word_1_163' title='bbox 957 2042 1073 2109; x_wconf 83' lang='lat' dir='ltr'><strong>glossas</strong></span> <span class='ocrx_word' id='word_1_164' title='bbox 1098 2046 1129 2095; x_wconf 84' lang='lat' dir='ltr'><strong>et</strong></span> 
     </span>
     <span class='ocr_line' id='line_1_20' title="bbox 70 2129 1144 2203; baseline -0.001 -17"><span class='ocrx_word' id='word_1_165' title='bbox 70 2132 326 2203; x_wconf 78' lang='lat' dir='ltr'><strong>interpretationes</strong></span> <span class='ocrx_word' id='word_1_166' title='bbox 345 2132 409 2201; x_wconf 85' lang='lat' dir='ltr'><strong>ejus</strong></span> <span class='ocrx_word' id='word_1_167' title='bbox 426 2132 600 2187; x_wconf 88' lang='lat' dir='ltr'><strong>commodas</strong></span> <span class='ocrx_word' id='word_1_168' title='bbox 619 2130 664 2185; x_wconf 84' lang='lat' dir='ltr'><strong>bis</strong></span> <span class='ocrx_word' id='word_1_169' title='bbox 680 2131 855 2198; x_wconf 83' lang='lat' dir='ltr'><strong>damnemus</strong></span> <span class='ocrx_word' id='word_1_170' title='bbox 867 2140 895 2183; x_wconf 89' lang='lat' dir='ltr'><strong>et</strong></span> <span class='ocrx_word' id='word_1_171' title='bbox 906 2129 1127 2198; x_wconf 85' lang='lat' dir='ltr'><strong>maledicamus,</strong></span> <span class='ocrx_word' id='word_1_172' title='bbox 1142 2155 1144 2159; x_wconf 96' lang='lat'>·</span> 
     </span>
     <span class='ocr_line' id='line_1_21' title="bbox 71 2214 1128 2292; baseline -0.001 -18"><span class='ocrx_word' id='word_1_173' title='bbox 71 2231 107 2278; x_wconf 88' lang='lat' dir='ltr'><strong>ut</strong></span> <span class='ocrx_word' id='word_1_174' title='bbox 123 2220 233 2292; x_wconf 85' lang='lat' dir='ltr'><strong>quibua</strong></span> <span class='ocrx_word' id='word_1_175' title='bbox 250 2238 311 2275; x_wconf 92' lang='lat' dir='ltr'><strong>non</strong></span> <span class='ocrx_word' id='word_1_176' title='bbox 328 2223 426 2276; x_wconf 88' lang='lat' dir='ltr'><strong>solum</strong></span> <span class='ocrx_word' id='word_1_177' title='bbox 444 2238 504 2275; x_wconf 87' lang='lat' dir='ltr'><strong>uon</strong></span> <span class='ocrx_word' id='word_1_178' title='bbox 521 2220 641 2289; x_wconf 77' lang='lat' dir='ltr'><strong>corrigit</strong></span> <span class='ocrx_word' id='word_1_179' title='bbox 658 2214 745 2289; x_wconf 85' lang='lat' dir='ltr'><strong>impie</strong></span> <span class='ocrx_word' id='word_1_180' title='bbox 769 2221 861 2288; x_wconf 83' lang='lat' dir='ltr'><strong>dicte,</strong></span> <span class='ocrx_word' id='word_1_181' title='bbox 888 2222 941 2277; x_wconf 84' lang='lat' dir='ltr'><strong>sed</strong></span> <span class='ocrx_word' id='word_1_182' title='bbox 964 2221 1053 2275; x_wconf 90' lang='lat' dir='ltr'><strong>etiam</strong></span> <span class='ocrx_word' id='word_1_183' title='bbox 1074 2221 1128 2274; x_wconf 89' lang='lat' dir='ltr'><strong>de.</strong></span> 
     </span>
     <span class='ocr_line' id='line_1_22' title="bbox 70 2308 1132 2383; baseline 0.002 -19"><span class='ocrx_word' id='word_1_184' title='bbox 70 2309 180 2377; x_wconf 85' lang='lat' dir='ltr'><strong>leudit,</strong></span> <span class='ocrx_word' id='word_1_185' title='bbox 202 2310 263 2364; x_wconf 91' lang='lat' dir='ltr'><strong>hoc</strong></span> <span class='ocrx_word' id='word_1_186' title='bbox 287 2320 349 2378; x_wconf 90' lang='lat' dir='ltr'><strong>est,</strong></span> <span class='ocrx_word' id='word_1_187' title='bbox 375 2309 465 2383; x_wconf 91' lang='lat' dir='ltr'><strong>dupio</strong></span> <span class='ocrx_word' id='word_1_188' title='bbox 490 2327 547 2366; x_wconf 87' lang='lat' dir='ltr'><strong>nos</strong></span> <span class='ocrx_word' id='word_1_189' title='bbox 566 2310 657 2379; x_wconf 85' lang='lat' dir='ltr'><strong>magis</strong></span> <span class='ocrx_word' id='word_1_190' title='bbox 679 2309 755 2365; x_wconf 86' lang='lat' dir='ltr'><strong>ridet</strong></span> <span class='ocrx_word' id='word_1_191' title='bbox 779 2308 1016 2382; x_wconf 88' lang='lat' dir='ltr'><strong>interpretando,</strong></span> <span class='ocrx_word' id='word_1_192' title='bbox 1042 2325 1132 2381; x_wconf 86' lang='lat' dir='ltr'><strong>quam</strong></span> 
     </span>
     <span class='ocr_line' id='line_1_23' title="bbox 71 2399 322 2471; baseline 0.008 -18"><span class='ocrx_word' id='word_1_193' title='bbox 71 2399 145 2454; x_wconf 85' lang='lat' dir='ltr'><strong>fecit</strong></span> <span class='ocrx_word' id='word_1_194' title='bbox 161 2399 322 2471; x_wconf 87' lang='lat' dir='ltr'><strong>loquendo.</strong></span> 
     </span>
    </p>
   </div>
   <div class='ocr_carea' id='block_1_5' title="bbox 70 2537 1189 4048">
    <p class='ocr_par' dir='ltr' id='par_1_5' title="bbox 70 2537 1189 4048">
     <span class='ocr_line' id='line_1_24' title="bbox 136 2537 1132 2611; baseline -0.001 -17"><span class='ocrx_word' id='word_1_195' title='bbox 136 2538 277 2611; x_wconf 84' lang='lat' dir='ltr'><strong>Exempli</strong></span> <span class='ocrx_word' id='word_1_196' title='bbox 301 2540 408 2608; x_wconf 85' lang='lat' dir='ltr'><strong>gratia,</strong></span> <span class='ocrx_word' id='word_1_197' title='bbox 431 2546 544 2594; x_wconf 80' lang='lat' dir='ltr'><strong>coitum</strong></span> <span class='ocrx_word' id='word_1_198' title='bbox 562 2539 622 2594; x_wconf 90' lang='lat' dir='ltr'><strong>Dei</strong></span> <span class='ocrx_word' id='word_1_199' title='bbox 642 2552 671 2594; x_wconf 85' lang='lat' dir='ltr'><strong>et</strong></span> <span class='ocrx_word' id='word_1_200' title='bbox 687 2537 814 2608; x_wconf 78' lang='lat' dir='ltr'><strong>Virginis</strong></span> <span class='ocrx_word' id='word_1_201' title='bbox 838 2540 902 2594; x_wconf 86' lang='lat' dir='ltr'><strong>vuit</strong></span> <span class='ocrx_word' id='word_1_202' title='bbox 926 2538 1046 2608; x_wconf 80' lang='lat' dir='ltr'><strong>intelligi</strong></span> <span class='ocrx_word' id='word_1_203' title='bbox 1070 2555 1132 2607; x_wconf 80' lang='lat' dir='ltr'><strong>non</strong></span> 
     </span>
     <span class='ocr_line' id='line_1_25' title="bbox 71 2629 1132 2701; baseline -0.002 -17"><span class='ocrx_word' id='word_1_204' title='bbox 71 2630 223 2698; x_wconf 80' lang='lat' dir='ltr'><strong>uulgarem</strong></span> <span class='ocrx_word' id='word_1_205' title='bbox 241 2636 373 2697; x_wconf 82' lang='lat' dir='ltr'><strong>coitum,</strong></span> <span class='ocrx_word' id='word_1_206' title='bbox 400 2629 452 2684; x_wconf 90' lang='lat' dir='ltr'><strong>sed</strong></span> <span class='ocrx_word' id='word_1_207' title='bbox 471 2630 558 2683; x_wconf 88' lang='lat' dir='ltr'><strong>allum</strong></span> <span class='ocrx_word' id='word_1_208' title='bbox 576 2630 724 2701; x_wconf 87' lang='lat' dir='ltr'><strong>quendam</strong></span> <span class='ocrx_word' id='word_1_209' title='bbox 744 2630 890 2698; x_wconf 88' lang='lat' dir='ltr'><strong>conjugii,</strong></span> <span class='ocrx_word' id='word_1_210' title='bbox 918 2630 1031 2684; x_wconf 85' lang='lat' dir='ltr'><strong>scilicet</strong></span> <span class='ocrx_word' id='word_1_211' title='bbox 1056 2629 1132 2690; x_wconf 81' lang='lat' dir='ltr'><strong>inter</strong></span> 
     </span>
     <span class='ocr_line' id='line_1_26' title="bbox 70 2717 1132 2793; baseline 0.001 -17"><span class='ocrx_word' id='word_1_212' title='bbox 70 2721 174 2776; x_wconf 88' lang='lat' dir='ltr'><strong>Deum</strong></span> <span class='ocrx_word' id='word_1_213' title='bbox 198 2730 228 2773; x_wconf 89' lang='lat' dir='ltr'><strong>et</strong></span> <span class='ocrx_word' id='word_1_214' title='bbox 244 2718 411 2788; x_wconf 85' lang='lat' dir='ltr'><strong>Virginem,</strong></span> <span class='ocrx_word' id='word_1_215' title='bbox 437 2720 522 2789; x_wconf 76' lang='lat' dir='ltr'><strong>cnjus</strong></span> <span class='ocrx_word' id='word_1_216' title='bbox 545 2718 669 2776; x_wconf 87' lang='lat' dir='ltr'><strong>Gabriel</strong></span> <span class='ocrx_word' id='word_1_217' title='bbox 693 2719 730 2774; x_wconf 86' lang='lat' dir='ltr'><strong>sit</strong></span> <span class='ocrx_word' id='word_1_218' title='bbox 755 2719 930 2793; x_wconf 83' lang='lat' dir='ltr'><strong>pronubus,</strong></span> <span class='ocrx_word' id='word_1_219' title='bbox 955 2731 984 2772; x_wconf 86' lang='lat' dir='ltr'><strong>et</strong></span> <span class='ocrx_word' id='word_1_220' title='bbox 1007 2717 1132 2790; x_wconf 87' lang='lat' dir='ltr'><strong>Spiritus</strong></span> 
     </span>
     <span class='ocr_line' id='line_1_27' title="bbox 72 2807 1129 2879; baseline -0.002 -15"><span class='ocrx_word' id='word_1_221' title='bbox 72 2820 195 2864; x_wconf 89' lang='lat' dir='ltr'><strong>sanctus</strong></span> <span class='ocrx_word' id='word_1_222' title='bbox 212 2809 349 2879; x_wconf 88' lang='lat' dir='ltr'><strong>impleat,</strong></span> <span class='ocrx_word' id='word_1_223' title='bbox 368 2809 447 2878; x_wconf 87' lang='lat' dir='ltr'><strong>quod</strong></span> <span class='ocrx_word' id='word_1_224' title='bbox 466 2820 550 2862; x_wconf 86' lang='lat' dir='ltr'><strong>aetus</strong></span> <span class='ocrx_word' id='word_1_225' title='bbox 568 2807 689 2862; x_wconf 86' lang='lat' dir='ltr'><strong>seminis</strong></span> <span class='ocrx_word' id='word_1_226' title='bbox 709 2815 767 2862; x_wconf 90' lang='lat' dir='ltr'><strong>etc.</strong></span> <span class='ocrx_word' id='word_1_227' title='bbox 801 2807 875 2862; x_wconf 86' lang='lat' dir='ltr'><strong>Vide</strong></span> <span class='ocrx_word' id='word_1_228' title='bbox 892 2826 947 2879; x_wconf 90' lang='lat' dir='ltr'><strong>per</strong></span> <span class='ocrx_word' id='word_1_229' title='bbox 963 2807 1129 2875; x_wconf 79' lang='lat' dir='ltr'><strong>Christum,</strong></span> 
     </span>
     <span class='ocr_line' id='line_1_28' title="bbox 72 2897 1131 2970; baseline 0.003 -19"><span class='ocrx_word' id='word_1_230' title='bbox 72 2899 145 2970; x_wconf 88' lang='lat' dir='ltr'><strong>quid</strong></span> <span class='ocrx_word' id='word_1_231' title='bbox 163 2915 305 2967; x_wconf 84' lang='lat' dir='ltr'><strong>cogamur</strong></span> <span class='ocrx_word' id='word_1_232' title='bbox 322 2898 399 2952; x_wconf 83' lang='lat' dir='ltr'><strong>ferre</strong></span> <span class='ocrx_word' id='word_1_233' title='bbox 418 2907 445 2950; x_wconf 90' lang='lat' dir='ltr'><strong>et</strong></span> <span class='ocrx_word' id='word_1_234' title='bbox 463 2897 562 2952; x_wconf 86' lang='lat' dir='ltr'><strong>audire</strong></span> <span class='ocrx_word' id='word_1_235' title='bbox 580 2898 616 2951; x_wconf 90' lang='lat' dir='ltr'><strong>ab</strong></span> <span class='ocrx_word' id='word_1_236' title='bbox 628 2898 686 2952; x_wconf 89' lang='lat' dir='ltr'><strong>isto</strong></span> <span class='ocrx_word' id='word_1_237' title='bbox 700 2897 746 2951; x_wconf 86' lang='lat' dir='ltr'><strong>sui</strong></span> <span class='ocrx_word' id='word_1_238' title='bbox 761 2897 853 2967; x_wconf 87' lang='lat' dir='ltr'><strong>ipsius</strong></span> <span class='ocrx_word' id='word_1_239' title='bbox 866 2897 1037 2969; x_wconf 87' lang='lat' dir='ltr'><strong>interprete.</strong></span> <span class='ocrx_word' id='word_1_240' title='bbox 1072 2898 1131 2955; x_wconf 86' lang='lat' dir='ltr'><strong>Sed</strong></span> 
     </span>
     <span class='ocr_line' id='line_1_29' title="bbox 72 2985 1130 3056; baseline 0.001 -14"><span class='ocrx_word' id='word_1_241' title='bbox 72 2989 146 3043; x_wconf 87' lang='lat' dir='ltr'><strong>dicit</strong></span> <span class='ocrx_word' id='word_1_242' title='bbox 157 2990 228 3052; x_wconf 86' lang='lat' dir='ltr'><strong>istu,</strong></span> <span class='ocrx_word' id='word_1_243' title='bbox 246 2999 277 3040; x_wconf 91' lang='lat' dir='ltr'><strong>ut</strong></span> <span class='ocrx_word' id='word_1_244' title='bbox 296 2986 506 3056; x_wconf 86' lang='lat' dir='ltr'><strong>turpitudinem</strong></span> <span class='ocrx_word' id='word_1_245' title='bbox 524 2997 553 3039; x_wconf 90' lang='lat' dir='ltr'><strong>et</strong></span> <span class='ocrx_word' id='word_1_246' title='bbox 571 2985 807 3040; x_wconf 85' lang='lat' dir='ltr'><strong>obscoenitatem</strong></span> <span class='ocrx_word' id='word_1_247' title='bbox 825 2987 909 3041; x_wconf 86' lang='lat' dir='ltr'><strong>verbi</strong></span> <span class='ocrx_word' id='word_1_248' title='bbox 929 2987 1013 3042; x_wconf 85' lang='lat' dir='ltr'><strong>istius</strong></span> <span class='ocrx_word' id='word_1_249' title='bbox 1032 2989 1130 3045; x_wconf 86' lang='lat' dir='ltr'><strong>invitis</strong></span> 
     </span>
     <span class='ocr_line' id='line_1_30' title="bbox 72 3075 1189 3139; baseline 0.002 -8"><span class='ocrx_word' id='word_1_250' title='bbox 72 3077 240 3132; x_wconf 83' lang='lat' dir='ltr'><strong>christianis</strong></span> <span class='ocrx_word' id='word_1_251' title='bbox 260 3077 345 3131; x_wconf 88' lang='lat' dir='ltr'><strong>etiam</strong></span> <span class='ocrx_word' id='word_1_252' title='bbox 364 3075 514 3130; x_wconf 88' lang='lat' dir='ltr'><strong>irridendo</strong></span> <span class='ocrx_word' id='word_1_253' title='bbox 530 3075 685 3139; x_wconf 83' lang='lat' dir='ltr'><strong>defendat,</strong></span> <span class='ocrx_word' id='word_1_254' title='bbox 704 3085 733 3128; x_wconf 87' lang='lat' dir='ltr'><strong>rt</strong></span> <span class='ocrx_word' id='word_1_255' title='bbox 746 3075 954 3130; x_wconf 80' lang='lat' dir='ltr'><strong>offendiculum</strong></span> <span class='ocrx_word' id='word_1_256' title='bbox 968 3077 1029 3132; x_wconf 93' lang='lat' dir='ltr'><strong>hoc</strong></span> <span class='ocrx_word' id='word_1_257' title='bbox 1042 3077 1131 3133; x_wconf 88' lang='lat' dir='ltr'><strong>nobis</strong></span> <span class='ocrx_word' id='word_1_258' title='bbox 1186 3114 1189 3119; x_wconf 83' lang='lat'><strong>·</strong></span> 
     </span>
     <span class='ocr_line' id='line_1_31' title="bbox 72 3163 1179 3241; baseline -0.002 -20"><span class='ocrx_word' id='word_1_259' title='bbox 72 3168 204 3240; x_wconf 86' lang='lat' dir='ltr'><strong>pervim</strong></span> <span class='ocrx_word' id='word_1_260' title='bbox 223 3165 378 3230; x_wconf 87' lang='lat' dir='ltr'><strong>obtrudat,</strong></span> <span class='ocrx_word' id='word_1_261' title='bbox 405 3181 474 3218; x_wconf 90' lang='lat' dir='ltr'><strong>cum</strong></span> <span class='ocrx_word' id='word_1_262' title='bbox 496 3163 568 3218; x_wconf 90' lang='lat' dir='ltr'><strong>sciat</strong></span> <span class='ocrx_word' id='word_1_263' title='bbox 586 3163 672 3218; x_wconf 88' lang='lat' dir='ltr'><strong>valde</strong></span> <span class='ocrx_word' id='word_1_264' title='bbox 689 3163 781 3231; x_wconf 86' lang='lat' dir='ltr'><strong>bene,</strong></span> <span class='ocrx_word' id='word_1_265' title='bbox 799 3164 877 3219; x_wconf 89' lang='lat' dir='ltr'><strong>istud</strong></span> <span class='ocrx_word' id='word_1_266' title='bbox 891 3169 1069 3236; x_wconf 84' lang='lat' dir='ltr'><strong>&#39;mysterium</strong></span> <span class='ocrx_word' id='word_1_267' title='bbox 1087 3183 1132 3221; x_wconf 66' lang='lat' dir='ltr'><strong>sm</strong></span> <span class='ocrx_word' id='word_1_268' title='bbox 1177 3235 1179 3241; x_wconf 13' lang='grc' dir='ltr'><em>Α</em></span> 
     </span>
     <span class='ocr_line' id='line_1_32' title="bbox 73 3253 1132 3327; baseline 0 -17"><span class='ocrx_word' id='word_1_269' title='bbox 73 3255 255 3310; x_wconf 77' lang='lat' dir='ltr'><strong>cratissimde</strong></span> <span class='ocrx_word' id='word_1_270' title='bbox 275 3253 483 3308; x_wconf 78' lang='lat' dir='ltr'><strong>incarnationis</strong></span> <span class='ocrx_word' id='word_1_271' title='bbox 501 3253 645 3321; x_wconf 80' lang='lat' dir='ltr'><strong>ambiguis</strong></span> <span class='ocrx_word' id='word_1_272' title='bbox 663 3264 691 3307; x_wconf 88' lang='lat' dir='ltr'><strong>et</strong></span> <span class='ocrx_word' id='word_1_273' title='bbox 705 3253 839 3323; x_wconf 87' lang='lat' dir='ltr'><strong>turpibus</strong></span> <span class='ocrx_word' id='word_1_274' title='bbox 853 3255 952 3309; x_wconf 88' lang='lat' dir='ltr'><strong>verbis</strong></span> <span class='ocrx_word' id='word_1_275' title='bbox 968 3273 1026 3309; x_wconf 82' lang='lat' dir='ltr'><strong>rron</strong></span> <span class='ocrx_word' id='word_1_276' title='bbox 1040 3272 1132 3327; x_wconf 83' lang='lat' dir='ltr'><strong>posse</strong></span> 
     </span>
     <span class='ocr_line' id='line_1_33' title="bbox 72 3341 1133 3416; baseline 0.004 -18"><span class='ocrx_word' id='word_1_277' title='bbox 72 3345 123 3400; x_wconf 91' lang='lat' dir='ltr'><strong>ulli</strong></span> <span class='ocrx_word' id='word_1_278' title='bbox 137 3344 251 3399; x_wconf 89' lang='lat' dir='ltr'><strong>homini</strong></span> <span class='ocrx_word' id='word_1_279' title='bbox 264 3343 430 3411; x_wconf 81' lang='lat' dir='ltr'><strong>significari.</strong></span> <span class='ocrx_word' id='word_1_280' title='bbox 452 3343 536 3416; x_wconf 75' lang='lat' dir='ltr'><strong>Quid</strong></span> <span class='ocrx_word' id='word_1_281' title='bbox 550 3360 623 3397; x_wconf 89' lang='lat' dir='ltr'><strong>vero</strong></span> <span class='ocrx_word' id='word_1_282' title='bbox 636 3342 798 3411; x_wconf 81' lang='lat' dir='ltr'><strong>significent</strong></span> <span class='ocrx_word' id='word_1_283' title='bbox 812 3341 966 3414; x_wconf 80' lang='lat' dir='ltr'><strong>Epicuris,</strong></span> <span class='ocrx_word' id='word_1_284' title='bbox 984 3342 1133 3402; x_wconf 79' lang='lat' dir='ltr'><strong>horresco</strong></span> 
     </span>
     <span class='ocr_line' id='line_1_34' title="bbox 73 3432 1132 3504; baseline 0.002 -16"><span class='ocrx_word' id='word_1_285' title='bbox 73 3435 214 3502; x_wconf 85' lang='lat' dir='ltr'><strong>cogitare.</strong></span> <span class='ocrx_word' id='word_1_286' title='bbox 248 3434 309 3487; x_wconf 90' lang='lat' dir='ltr'><strong>Cur</strong></span> <span class='ocrx_word' id='word_1_287' title='bbox 327 3450 386 3487; x_wconf 90' lang='lat' dir='ltr'><strong>non</strong></span> <span class='ocrx_word' id='word_1_288' title='bbox 396 3433 493 3486; x_wconf 57' lang='lat' dir='ltr'><strong>&gt;etiam</strong></span> <span class='ocrx_word' id='word_1_289' title='bbox 508 3440 620 3486; x_wconf 84' lang='lat' dir='ltr'><strong>cottum</strong></span> <span class='ocrx_word' id='word_1_290' title='bbox 634 3447 777 3486; x_wconf 84' lang='lat' dir='ltr'><strong>vocemus</strong></span> <span class='ocrx_word' id='word_1_291' title='bbox 793 3432 975 3504; x_wconf 88' lang='lat' dir='ltr'><strong>colloquium</strong></span> <span class='ocrx_word' id='word_1_292' title='bbox 987 3434 1048 3489; x_wconf 85' lang='lat' dir='ltr'><strong>Der</strong></span> <span class='ocrx_word' id='word_1_293' title='bbox 1061 3453 1132 3490; x_wconf 90' lang='lat' dir='ltr'><strong>cum</strong></span> 
     </span>
     <span class='ocr_line' id='line_1_35' title="bbox 72 3520 1132 3595; baseline 0.004 -17"><span class='ocrx_word' id='word_1_294' title='bbox 72 3524 166 3578; x_wconf 88' lang='lat' dir='ltr'><strong>Mose</strong></span> <span class='ocrx_word' id='word_1_295' title='bbox 190 3534 220 3578; x_wconf 88' lang='lat' dir='ltr'><strong>et</strong></span> <span class='ocrx_word' id='word_1_296' title='bbox 243 3523 306 3578; x_wconf 87' lang='lat' dir='ltr'><strong>aliis</strong></span> <span class='ocrx_word' id='word_1_297' title='bbox 324 3520 504 3593; x_wconf 86' lang='lat' dir='ltr'><strong>Prophetis,</strong></span> <span class='ocrx_word' id='word_1_298' title='bbox 531 3535 559 3576; x_wconf 85' lang='lat' dir='ltr'><strong>et</strong></span> <span class='ocrx_word' id='word_1_299' title='bbox 582 3521 725 3591; x_wconf 82' lang='lat' dir='ltr'><strong>fingamus</strong></span> <span class='ocrx_word' id='word_1_300' title='bbox 748 3523 881 3591; x_wconf 83' lang='lat' dir='ltr'><strong>Angelos</strong></span> <span class='ocrx_word' id='word_1_301' title='bbox 905 3525 1075 3595; x_wconf 86' lang='lat' dir='ltr'><strong>pronubus,</strong></span> <span class='ocrx_word' id='word_1_302' title='bbox 1101 3537 1132 3583; x_wconf 82' lang='lat' dir='ltr'><strong>et</strong></span> 
     </span>
     <span class='ocr_line' id='line_1_36' title="bbox 73 3604 1132 3684; baseline 0.002 -16"><span class='ocrx_word' id='word_1_303' title='bbox 73 3615 213 3684; x_wconf 85' lang='lat' dir='ltr'><strong>Spiritum</strong></span> <span class='ocrx_word' id='word_1_304' title='bbox 230 3624 363 3666; x_wconf 81' lang='lat' dir='ltr'><strong>sanctum</strong></span> <span class='ocrx_word' id='word_1_305' title='bbox 383 3624 481 3665; x_wconf 90' lang='lat' dir='ltr'><strong>actum</strong></span> <span class='ocrx_word' id='word_1_306' title='bbox 500 3604 637 3678; x_wconf 87' lang='lat' dir='ltr'><strong>seminis,</strong></span> <span class='ocrx_word' id='word_1_307' title='bbox 664 3623 712 3666; x_wconf 90' lang='lat' dir='ltr'><strong>aut</strong></span> <span class='ocrx_word' id='word_1_308' title='bbox 736 3612 761 3667; x_wconf 89' lang='lat' dir='ltr'><strong>si</strong></span> <span class='ocrx_word' id='word_1_309' title='bbox 784 3613 853 3683; x_wconf 91' lang='lat' dir='ltr'><strong>quid</strong></span> <span class='ocrx_word' id='word_1_310' title='bbox 874 3610 1056 3670; x_wconf 85' lang='lat' dir='ltr'><strong>obscoenius</strong></span> <span class='ocrx_word' id='word_1_311' title='bbox 1074 3616 1132 3670; x_wconf 89' lang='lat' dir='ltr'><strong>dici</strong></span> 
     </span>
     <span class='ocr_line' id='line_1_37' title="bbox 73 3701 1131 3775; baseline 0.002 -18"><span class='ocrx_word' id='word_1_312' title='bbox 73 3703 194 3775; x_wconf 81' lang='lat' dir='ltr'><strong>potest?</strong></span> <span class='ocrx_word' id='word_1_313' title='bbox 228 3703 284 3756; x_wconf 87' lang='lat' dir='ltr'><strong>Sed</strong></span> <span class='ocrx_word' id='word_1_314' title='bbox 300 3701 351 3756; x_wconf 92' lang='lat' dir='ltr'><strong>hic</strong></span> <span class='ocrx_word' id='word_1_315' title='bbox 368 3702 450 3756; x_wconf 84' lang='lat' dir='ltr'><strong>adest</strong></span> <span class='ocrx_word' id='word_1_316' title='bbox 467 3716 578 3767; x_wconf 87' lang='lat' dir='ltr'><strong>sexus,</strong></span> <span class='ocrx_word' id='word_1_317' title='bbox 602 3701 653 3772; x_wconf 85' lang='lat' dir='ltr'><strong>qui</strong></span> <span class='ocrx_word' id='word_1_318' title='bbox 680 3702 803 3756; x_wconf 83' lang='lat' dir='ltr'><strong>idoneus</strong></span> <span class='ocrx_word' id='word_1_319' title='bbox 826 3714 872 3757; x_wconf 89' lang='lat' dir='ltr'><strong>est</strong></span> <span class='ocrx_word' id='word_1_320' title='bbox 889 3704 970 3758; x_wconf 83' lang='lat' dir='ltr'><strong>visus</strong></span> <span class='ocrx_word' id='word_1_321' title='bbox 990 3705 1038 3759; x_wconf 86' lang='lat' dir='ltr'><strong>isti</strong></span> <span class='ocrx_word' id='word_1_322' title='bbox 1057 3705 1131 3761; x_wconf 87' lang='lat' dir='ltr'><strong>ludi.</strong></span> 
     </span>
     <span class='ocr_line' id='line_1_38' title="bbox 72 3790 1131 3865; baseline 0.004 -17"><span class='ocrx_word' id='word_1_323' title='bbox 72 3792 159 3861; x_wconf 86' lang='lat' dir='ltr'><strong>brie,</strong></span> <span class='ocrx_word' id='word_1_324' title='bbox 186 3809 247 3865; x_wconf 93' lang='lat' dir='ltr'><strong>quo</strong></span> <span class='ocrx_word' id='word_1_325' title='bbox 265 3793 351 3849; x_wconf 87' lang='lat' dir='ltr'><strong>Deus</strong></span> <span class='ocrx_word' id='word_1_326' title='bbox 369 3794 462 3864; x_wconf 84' lang='lat' dir='ltr'><strong>possit</strong></span> <span class='ocrx_word' id='word_1_327' title='bbox 480 3791 537 3846; x_wconf 88' lang='lat' dir='ltr'><strong>dici</strong></span> <span class='ocrx_word' id='word_1_328' title='bbox 556 3806 624 3844; x_wconf 88' lang='lat' dir='ltr'><strong>cum</strong></span> <span class='ocrx_word' id='word_1_329' title='bbox 642 3790 760 3859; x_wconf 81' lang='lat' dir='ltr'><strong>Virgine</strong></span> <span class='ocrx_word' id='word_1_330' title='bbox 778 3799 878 3859; x_wconf 78' lang='lat' dir='ltr'><strong>coire,</strong></span> <span class='ocrx_word' id='word_1_331' title='bbox 903 3803 937 3848; x_wconf 94' lang='lat' dir='ltr'><strong>ut</strong></span> <span class='ocrx_word' id='word_1_332' title='bbox 960 3793 1056 3849; x_wconf 81' lang='lat' dir='ltr'><strong>lulurla</strong></span> <span class='ocrx_word' id='word_1_333' title='bbox 1083 3795 1131 3854; x_wconf 77' lang='lat' dir='ltr'><strong>fiat</strong></span> 
     </span>
     <span class='ocr_line' id='line_1_39' title="bbox 75 3881 1130 3953; baseline 0.002 -15"><span class='ocrx_word' id='word_1_334' title='bbox 75 3883 180 3938; x_wconf 86' lang='lat' dir='ltr'><strong>similis</strong></span> <span class='ocrx_word' id='word_1_335' title='bbox 199 3883 256 3949; x_wconf 90' lang='lat' dir='ltr'><strong>illi,</strong></span> <span class='ocrx_word' id='word_1_336' title='bbox 273 3882 323 3935; x_wconf 87' lang='lat' dir='ltr'><strong>ubi</strong></span> <span class='ocrx_word' id='word_1_337' title='bbox 341 3899 410 3936; x_wconf 86' lang='lat' dir='ltr'><strong>cum</strong></span> <span class='ocrx_word' id='word_1_338' title='bbox 426 3881 512 3936; x_wconf 87' lang='lat' dir='ltr'><strong>Rhea</strong></span> <span class='ocrx_word' id='word_1_339' title='bbox 529 3881 633 3948; x_wconf 84' lang='lat' dir='ltr'><strong>Mars,</strong></span> <span class='ocrx_word' id='word_1_340' title='bbox 654 3893 683 3935; x_wconf 87' lang='lat' dir='ltr'><strong>et</strong></span> <span class='ocrx_word' id='word_1_341' title='bbox 701 3897 768 3935; x_wconf 88' lang='lat' dir='ltr'><strong>cum</strong></span> <span class='ocrx_word' id='word_1_342' title='bbox 788 3881 903 3938; x_wconf 84' lang='lat' dir='ltr'><strong>Semele</strong></span> <span class='ocrx_word' id='word_1_343' title='bbox 920 3884 1041 3953; x_wconf 59' lang='lat' dir='ltr'><strong>&amp;tupiter</strong></span> <span class='ocrx_word' id='word_1_344' title='bbox 1057 3901 1130 3944; x_wconf 90' lang='lat' dir='ltr'><strong>con.</strong></span> 
     </span>
     <span class='ocr_line' id='line_1_40' title="bbox 75 3971 1128 4048; baseline 0.005 -19"><span class='ocrx_word' id='word_1_345' title='bbox 75 3973 197 4041; x_wconf 90' lang='lat' dir='ltr'><strong>cubuit,</strong></span> <span class='ocrx_word' id='word_1_346' title='bbox 216 3985 245 4028; x_wconf 87' lang='lat' dir='ltr'><strong>et</strong></span> <span class='ocrx_word' id='word_1_347' title='bbox 260 3983 342 4029; x_wconf 89' lang='lat' dir='ltr'><strong>secta</strong></span> <span class='ocrx_word' id='word_1_348' title='bbox 358 3971 590 4028; x_wconf 87' lang='lat' dir='ltr'><strong>christianorum</strong></span> <span class='ocrx_word' id='word_1_349' title='bbox 601 3972 638 4028; x_wconf 87' lang='lat' dir='ltr'><strong>sit</strong></span> <span class='ocrx_word' id='word_1_350' title='bbox 651 3972 734 4046; x_wconf 83' lang='lat' dir='ltr'><strong>quasi</strong></span> <span class='ocrx_word' id='word_1_351' title='bbox 745 3988 803 4028; x_wconf 85' lang='lat' dir='ltr'><strong>una</strong></span> <span class='ocrx_word' id='word_1_352' title='bbox 815 3989 854 4030; x_wconf 85' lang='lat' dir='ltr'><strong>ex</strong></span> <span class='ocrx_word' id='word_1_353' title='bbox 866 3973 969 4032; x_wconf 77' lang='lat' dir='ltr'><strong>fabulis</strong></span> <span class='ocrx_word' id='word_1_354' title='bbox 981 3977 1128 4048; x_wconf 86' lang='lat' dir='ltr'><strong>gentium,</strong></span> 
     </span>
    </p>
   </div>
   <div class='ocr_carea' id='block_1_6' title="bbox 0 0 1311 4696">
    <p class='ocr_par' dir='ltr' id='par_1_6' title="bbox 0 0 1311 4696">
     <span class='ocr_line' id='line_1_41' title="bbox 0 0 1311 4696; baseline 0 0"><span class='ocrx_word' id='word_1_355' title='bbox 0 0 1311 4696; x_wconf 95' lang='lat' dir='ltr'><strong> </strong></span> 
     </span>
    </p>
   </div>
  </div>
 </body>
</html>
