2586 4696
185 299 247 373 att
667 305 759 374 tuat.

187 480 190 487 ·
217 465 259 522 ro.
275 458 416 530 uritur.
906 461 964 520 No.
982 428 1211 519 mcccxcw'.

395 711 398 715 ῃ
492 612 542 684 tlt
576 611 691 684 dett.
726 612 937 685 uerterat.

182 749 207 817 ὲ.
221 767 304 823 trrtdt
316 770 367 816 tm
379 768 421 836 ες
433 769 471 817 ter
484 768 510 817 tn
522 767 628 826 saldan
641 770 758 829 cuturn
770 777 835 822 ucri
849 771 926 820 intem
933 769 1075 828 acarnani
1086 768 1126 821 ttd
1139 770 1244 822 mttrrnt

185 837 195 854 ‘'
298 843 376 897 tattrr
389 843 466 897 walt
479 842 526 890 rin.
550 843 610 899 idat.
622 842 668 894 tir.
681 850 704 892 r.
715 845 750 892 tt.
762 844 839 910 zuar
851 843 897 890 uo.
907 843 1122 890 mcchxxxlv.

229 1076 281 1132 utra
293 1076 429 1147 neddere
442 1090 466 1136 p.
478 1079 524 1127 ΖΒ.
550 1079 666 1132 tarutio,
680 1081 738 1135 atne
750 1082 844 1131 utum
856 1080 895 1128 tet
908 1077 1081 1135 wideradi
1095 1078 1242 1127 tutttrnt.

178 1142 282 1201 ntur.
307 1151 475 1206 arnume
501 1152 619 1200 attera.
632 1153 662 1198 v.
675 1155 721 1202 su.
747 1153 842 1206 ceter.
859 1153 935 1200 xxu.
952 1155 1000 1202 ara
1026 1153 1121 1202 maio
1139 1153 1169 1197 x.
1184 1154 1243 1200 rara

180 1225 228 1272 aab
241 1222 359 1274 roumalt
372 1224 436 1272 XXI.
449 1224 507 1272 tm
532 1225 589 1274 tute
602 1225 674 1279 totta
688 1225 748 1274 cod.
761 1226 839 1273 chart.
851 1227 898 1277 tet.
912 1225 931 1275 l.
943 1225 1003 1273 Bitl.
1018 1225 1091 1272 Goth.
1114 1225 1174 1273 cod.
1187 1226 1244 1273 Jeu.

178 1284 203 1344 l.
216 1297 235 1345 f.
248 1298 293 1345 ¹⁶2.
307 1298 354 1345 taut
366 1295 531 1344 aurifaber
544 1297 585 1345 111.
600 1297 619 1346 l.
631 1300 677 1348 233.
692 1297 828 1354 ttttlldtttt.

73 1496 77 1501 ·
181 1432 327 1533 Gratiam
345 1485 375 1535 et
390 1494 496 1551 pacem
513 1478 544 1534 ia
561 1478 694 1537 Christo.
726 1480 792 1536 Vidi
805 1479 906 1537 literas
919 1471 985 1535 tuas
998 1480 1032 1534 ad
1044 1479 1204 1535 Pastorem
1217 1478 1246 1546 ¹)

179 1562 349 1624 Dominum
370 1567 532 1625 Nicolaum
555 1569 778 1626 Hauarnannum
802 1570 900 1639 datas,
931 1570 1107 1625 charissime
1135 1573 1244 1638 frater,

180 1665 210 1714 ct
225 1657 346 1728 gavisus
364 1674 448 1728 rum,
465 1657 572 1714 videna
583 1659 615 1727 2)
631 1668 716 1715 tuum
734 1661 832 1715 zelum
844 1660 962 1714 fidelem
979 1672 1010 1716 et
1026 1660 1246 1716 solicitudinem

178 1739 357 1816 t'ttudiosam,
374 1747 501 1821 denique
518 1759 547 1804 et
558 1748 697 1805 dolorem
713 1761 797 1805 tuum
808 1750 953 1818 intellexi,
969 1767 1060 1823 quem
1076 1750 1185 1822 paterio
1203 1751 1245 1805 ob

179 1837 343 1894 absentiam
364 1837 509 1894 Pastoris.
551 1837 689 1895 Christue
714 1839 838 1895 roboret
867 1849 896 1895 et
922 1841 1037 1895 soletur
1061 1859 1116 1897 cor
1142 1851 1245 1911 tuum,

180 1928 278 1983 donec
294 1944 343 1982 rea
361 1928 476 1983 favente
492 1927 564 1983 Deo
582 1927 670 1983 linem
686 1943 775 1984 auum
791 1928 944 1985 eortiatur.
978 1931 1052 1985 Satis
1071 1929 1182 1985 habent
1200 1932 1246 1985 in.

156 2012 269 2084 =terim
292 2017 331 2089 pii
356 2020 463 2073 fratrea
480 2017 604 2088 (nostri)
627 2017 704 2091 apud
726 2034 799 2085 voa,
824 2019 895 2074 dum
919 2028 951 2074 tu
974 2020 1044 2075 ades
1063 2036 1133 2074 curn
1150 2018 1243 2076 sociis

178 2108 328 2165 fidelibus.
355 2107 436 2164 Nam
445 2106 567 2164 Pastori
578 2104 611 2176 ³)
624 2109 768 2179 integrum
779 2126 841 2165 non
859 2120 904 2165 eat
917 2109 1039 2166 Senatus
1052 2113 1142 2165 vestri
1155 2111 1244 2165 silere

178 2199 228 2252 vel
239 2189 405 2269 approbare
416 2197 612 2254 temeritatem
624 2207 654 2253 et
664 2198 861 2271 iniquitatem,
879 2200 1056 2272 praesertim
1070 2215 1138 2255 cum
1150 2199 1245 2256 velint

174 2284 339 2360 justificare
363 2298 529 2358 peccatum.
562 2285 642 2341 Nam
667 2288 806 2343 remieaio
822 2298 1011 2360 peccatorum
1028 2289 1107 2345 valet
1130 2299 1244 2346 tantum

180 2376 213 2432 ln
234 2376 339 2446 agnitis
356 2376 504 2449 peccatis,
529 2384 558 2430 et
579 2375 735 2433 tolerantia
756 2377 880 2448 iujuriae
902 2387 1016 2433 tantum
1040 2380 1070 2433 in
1094 2380 1129 2435 iis
1146 2382 1243 2450 valet,

180 2462 232 2539 'qui
250 2466 356 2523 hoatea
374 2466 458 2522 verbi
477 2480 544 2522 aeae
555 2457 587 2532 ⁴)
606 2465 799 2538 profitentur:
817 2468 940 2523 fratrum
957 2480 1079 2540 peccata
1094 2488 1155 2527 non
1172 2471 1245 2528 licet

181 2561 278 2626 ferre,
296 2558 350 2613 aed
367 2573 490 2627 arguere
509 2566 642 2630 oportet,
659 2557 772 2616 Matth.
791 2563 832 2615 tt.
866 2558 895 2615 Si
913 2576 986 2630 ergo
997 2562 1103 2617 volunt
1120 2563 1245 2617 fratrum

180 2649 302 2705 nomine
318 2647 452 2718 gloriari,
478 2659 638 2717 agnoscant
662 2659 820 2719 peccatum
844 2660 874 2704 et
890 2651 1036 2722 patiantur
1059 2668 1126 2706 cese
1151 2653 1244 2722 argui.

181 2741 212 2796 Si
229 2740 334 2795 volunt
351 2737 511 2793 defendere
528 2747 704 2811 peccatum,
721 2740 915 2810 profiteantur
932 2756 999 2795 aeae
1016 2733 1047 2806 ⁵)
1071 2741 1193 2811 hostes,
1214 2754 1245 2799 et

181 2816 257 2886 mox
274 2830 409 2884 contenti
427 2828 554 2893 erimus,
572 2828 671 2883 omnia
689 2828 766 2883 ferre
784 2831 875 2900 parati
888 2831 925 2885 ab
941 2831 1012 2903 ipsis
1030 2841 1170 2904 tanquam
1188 2835 1246 2890 ho.

183 2918 290 2975 ¹alibuta.
325 2923 351 2972 Α
366 2917 504 2973 fratribus
516 2916 637 2972 serenda
649 2934 709 2972 non
722 2930 801 2987 aunt,
820 2930 851 2973 ut
863 2921 956 2975 videa.
991 2921 1106 2976 Sustine
1118 2932 1243 2992 tanturn,

184 3010 254 3064 dum
272 3007 418 3078 Princeps
442 3005 556 3061 dederit
580 3007 766 3062 sententiam.
800 3006 958 3074 Christus,
983 3010 1007 3065 ai
1032 3012 1108 3080 digni
1125 3014 1245 3082 'fuerint

183 3087 314 3170 cygnet,
330 3097 409 3151 naun
424 3096 543 3150 felicem
561 3096 674 3150 exitum
686 3095 775 3166 nujus
794 3098 978 3167 tragoediae,
996 3101 1043 3153 ver
1055 3097 1080 3165 ⁶)
1097 3119 1153 3157 nos
1169 3104 1246 3158 une.

184 3189 260 3244 rabit
282 3187 318 3240 ab
342 3187 406 3242 istis
425 3185 592 3240 Centauris.
627 3183 728 3240 Gratia
744 3185 803 3240 Dei
827 3196 938 3242 tecum.
974 3187 1015 3242 Et
1032 3191 1125 3246 saluta
1142 3194 1245 3250 socios

184 3277 338 3334 ministerii
357 3288 386 3330 et
398 3290 502 3329 omnes
514 3274 638 3340 fratres,
656 3288 689 3328 ac
703 3290 818 3345 prome
836 3275 975 3330 imbecilli
992 3290 1085 3334 orato.
1119 3282 1204 3336 Feria
1216 3289 1243 3340 2.

185 3378 256 3442 post
281 3365 403 3432 kiliani,
431 3362 614 3418 MDXXXI.
647 3362 838 3433 singulariter
861 3366 998 3420 salutabis
1026 3369 1100 3424 milri
1125 3371 1243 3431 Duum.

184 3459 228 3514 D.
241 3454 422 3527 Stephanum
439 3451 620 3524 Physicum,
644 3463 674 3506 et
684 3453 805 3507 hortare
824 3453 861 3507 ad
879 3456 1047 3524 patientiam
1068 3457 1244 3517 breviuscu.

186 3550 256 3606 lam·
273 3539 305 3611 7)
876 3608 1027 3668 Martinus
1044 3614 1209 3674 Lnrhcrus.

138 3847 141 3851 ’
234 3836 544 3892 nautii—Pastorem.
593 3834 849 3891 llcod.Gotlr.vidi.
899 3836 921 3888 3)
936 3836 995 3882 cod.
1008 3839 1080 3884 Goth.
1094 3842 1241 3896 pastoribus.

183 3916 360 3970 mettense.
408 3912 431 3961 5>
449 3910 590 3959 duecte.
638 3910 660 3963 6)
680 3908 756 3954 codd.
776 3911 813 3954 et.
859 3909 882 3958 7)
901 3908 1240 3965 vieictP.S.t›otruBudd,

185 4001 209 4040 u.
223 3987 283 4036 cod.
292 3986 348 4033 teu.
362 3981 432 4034 utdt.
