2586 4696
592 279 682 350 stass
1009 257 1026 288 ²
1107 271 1170 342 nt

118 437 381 502 investita·
516 459 520 468 ·
782 431 1136 494 ··N⁰.ume1n.
1227 437 1230 450 ·

436 586 484 656 itt
507 585 590 657 itit.
613 552 849 668 botentin.
904 632 908 655 .

327 745 427 799 vetunt
440 745 491 793 unt
503 745 593 796 &uati
606 747 687 796 nunt
700 755 757 800 ntus
770 723 901 794 antenna
915 744 949 796 ts.

163 976 489 1030 nusutnsrnuuoen
507 980 656 1032 &tuntum
675 991 701 1032 nt
720 981 809 1033 tenna
828 981 869 1029 its
882 976 994 1037 &diist
1008 977 1111 1032 {cmi
1130 975 1171 1025 Μ

113 1052 236 1097 strate!
247 1053 386 1098 -Rsuuer
400 1065 422 1110 p.
432 1055 476 1100 'Mt
504 1053 911 1103 aeutsnieutnnnxxt.1nn
937 1053 1074 1101 wirntoni
1087 1049 1172 1096 Auri·

114 1124 201 1171 taber
214 1123 253 1172 ni.
269 1125 285 1170 i.
299 1127 344 1174 tn.
362 1129 409 1172 uno
423 1119 483 1172 eod.
498 1125 599 1171 nelnn.
614 1130 645 1176 ii.
660 1127 720 1172 Bibi.
734 1127 836 1184 antiph.
850 1125 986 1180 santium.

115 1253 304 1312 Venerabili
324 1257 358 1313 in
384 1257 512 1314 Christo
537 1261 621 1328 ui'ro,
647 1259 788 1315 Domino
804 1258 869 1314 M.
894 1257 1034 1314 Nicolno
1060 1257 1173 1312 Haus=

181 1363 318 1416 nsanno,
343 1348 494 1404 ministro
517 1348 603 1404 uerbi
624 1351 659 1405 in
683 1349 812 1405 Dessau
828 1349 1040 1418 fidelissimo,
1062 1362 1120 1403 sno
1138 1345 1173 1400 in

181 1436 323 1492 Domino
330 1437 444 1508 fratri
460 1439 663 1495 charissimo.
1133 1438 1137 1446 ’

116 1559 171 1652 G·
191 1618 220 1661 et
236 1607 273 1663 P.
292 1611 319 1664 in
339 1610 471 1667 Christo.
507 1611 618 1681 Scripsi
635 1611 824 1682 Ptincipibus
841 1610 917 1678 tuis,
943 1611 1057 1682 optime
1075 1607 1099 1658 V
1104 1607 1129 1662 ir
1145 1615 1175 1662 et

115 1693 293 1752 charissime
319 1700 347 1754 in
374 1701 510 1756 Domino
537 1702 636 1755 stator.
672 1701 815 1766 Venient,
838 1710 872 1755 ut
897 1699 999 1764 audio,
1025 1697 1175 1769 Cyclopes

115 1785 184 1853 isti,
202 1797 308 1843 nostro
321 1789 485 1859 Evangelio
503 1802 533 1846 et
549 1790 636 1846 nobis
655 1789 777 1858 infensi,
796 1790 826 1844 in
838 1802 972 1845 vestrum
986 1787 1175 1859 oppiduiutus

68 1864 71 1869 ’
115 1876 189 1947 quid
200 1877 226 1944 ¹)
243 1880 409 1934 consulturi
422 1881 479 1935 sint
492 1893 521 1935 et
532 1881 642 1947 acturi,
660 1881 747 1935 facite
761 1878 938 1935 subodorari
951 1878 1021 1932 iicet
1029 1897 1040 1946 3
1059 1877 1177 1931 sedicet

114 1963 252 2022 Etiordia
268 1966 328 2023 bos
346 1979 446 2024 motus
464 1971 522 2024 ciet
546 1971 680 2024 fortasse.
715 1967 851 2041 Dissipat
874 1969 1026 2024 Dominus
1051 1965 1177 2021 consilis

114 2055 293 2126 impiorum,
312 2069 340 2113 et
358 2059 406 2114 fiat
422 2061 562 2117 voluntas
580 2059 670 2130 patris
687 2059 800 2127 nostri,
819 2059 897 2114 sicut
916 2059 945 2113 in
963 2057 1069 2125 coelo,
1090 2056 1129 2110 ita
1147 2064 1177 2111 et

117 2147 147 2201 iu
165 2157 259 2215 terra,
281 2152 389 2203 Amen.
425 2152 582 2204 Caeterum
601 2167 706 2222 spero,
727 2167 787 2204 non
805 2148 1001 2219 dignabuntur
1018 2144 1048 2203 t'e
1066 2146 1113 2202 vei
1131 2161 1179 2200 sa.

114 2237 275 2306 tutatione,
297 2240 345 2293 vel
372 2239 502 2311 alloquio
529 2240 583 2310 ipsi
609 2241 740 2309 majore&
767 2239 894 2311 tyranni,
935 2239 1055 2294 Tamen
1078 2237 1177 2292 alteris

117 2327 253 2396 duobuu‚
279 2346 409 2400 quotum
437 2347 512 2384 unus
536 2329 645 2385 dicitur
668 2330 783 2386 anius
804 2340 833 2384 et
854 2330 927 2384 alter
943 2328 1066 2395 Nemo,
1092 2328 1177 2382 facile

116 2419 312 2489 respondebis
331 2421 506 2476 sniumtione
521 2421 664 2492 quadam,
684 2422 709 2475 si
721 2421 798 2474 forte
810 2418 1007 2490 dignabuntur
1017 2430 1046 2472 te
1058 2429 1177 2489 aspectu

117 2519 146 2563 et
164 2510 305 2581 alloquio.
339 2512 392 2564 Tu
409 2512 455 2565 vir
472 2511 556 2565 fortis
574 2523 658 2579 esto,
683 2499 752 2565 et'si
770 2526 858 2565 castis
877 2509 1011 2574 dederit,
1035 2507 1177 2562 brevibus

117 2609 147 2654 et
165 2600 303 2669 gravibus
321 2600 422 2654 verbis
442 2601 504 2655 istis
523 2603 723 2670 respondeto,
750 2600 867 2656 seilicet
890 2599 987 2653 auimo
1009 2599 1037 2652 in
1055 2598 1177 2652 Christo
1246 2623 1251 2633 ¹

117 2702 219 2745 erecto
236 2691 294 2745 hos
308 2691 467 2747 Goiiutbos
486 2693 604 2746 sortiter
622 2691 863 2758 contemnendo,
882 2691 947 2760 quia
962 2689 1177 2760 scriptumest,

117 2781 199 2854 quod
217 2782 304 2843 etium
322 2782 387 2849 isti,
415 2782 469 2836 nin
488 2781 647 2848 desierint,
673 2780 835 2835 scabellum
854 2779 979 2848 pedibus
998 2779 1092 2834 nostri
1112 2779 1179 2834 Do.

115 2871 189 2926 mini
213 2870 302 2925 futuri
326 2871 394 2924 sint.
429 2870 567 2924 Christus
592 2886 695 2925 eorum
722 2870 813 2929 turias
837 2869 927 2924 ridet:
956 2885 1013 2924 nos
1036 2868 1177 2937 terimus,

117 2961 170 3015 sed
191 2960 348 3032 aliquando
373 2961 460 3014 etium
487 2960 659 3014 ridebimus.
694 2960 745 3014 Tn
769 2960 883 3028 ergo2)
908 2960 1177 3030 concepto'nnimo
1240 3012 1242 3016 .

118 3058 147 3105 et
162 3050 250 3122 pleno
268 3050 352 3103 vultu
372 3049 436 3103 iiius
449 3051 576 3120 accipias
588 3059 726 3119 tanquam
739 3048 832 3103 bniias
846 3064 987 3120 aquarum
999 3047 1027 3114 ³)
1046 3049 1085 3113 (si
1101 3051 1177 3103 ioue

116 3139 200 3212 loqui
218 3141 342 3207 velint),
361 3151 390 3193 et
408 3141 519 3209 cogita,
539 3140 620 3210 loqui
637 3150 665 3192 te
684 3157 752 3192 cum
771 3139 834 3204 his,
853 3154 930 3209 quos
950 3150 1053 3194 noster
1070 3141 1177 3195 Domi.

116 3247 174 3285 nus
188 3231 281 3284 Jesus
299 3230 383 3283 vaide
402 3232 565 3282 contemnit
584 3240 612 3282 et
631 3229 716 3282 nobis
736 3229 764 3282 in
784 3229 833 3282 iilo
852 3229 898 3282 die
910 3228 1088 3299 judicandos
1107 3246 1177 3301 pto.

118 3321 216 3374 ducet.
257 3320 339 3374 Tum
369 3319 524 3391 projicient
549 3312 577 3383 i)
604 3320 746 3390 ampulias
776 3327 805 3372 et
832 3319 1044 3390 sesquipedalis
1070 3320 1175 3389 verba,

118 3411 226 3482 quibus
243 3427 324 3465 nunc
342 3412 376 3464 ad
395 3422 579 3464 momentum
599 3420 721 3476 turgent·
734 3421 760 3464 et
778 3409 865 3465 inflati
884 3420 953 3465 sunt
971 3422 1075 3465 contro
1101 3427 1175 3478 nos,

117 3502 169 3574 qui
181 3493 210 3568 ⁵)
229 3501 340 3555 erimus
359 3517 462 3553 eornm
482 3500 591 3553 domini
608 3513 637 3554 et
649 3500 768 3569 judices
782 3500 809 3554 in
823 3510 987 3555 aeteruum.
1023 3500 1176 3559 Dominus

118 3604 147 3647 te
165 3593 315 3646 confortet
333 3602 362 3645 et
380 3590 563 3660 glorificetur
579 3607 633 3661 per
650 3602 678 3643 te
696 3606 806 3643 nomen
828 3606 933 3658 suum,
958 3593 1034 3645 sicut
1057 3592 1176 3661 coepit,

120 3681 149 3736 in
166 3682 272 3749 finem,
291 3683 396 3734 Amen.
430 3681 497 3736 Nos
515 3697 570 3752 pro
588 3679 672 3733 vobis
691 3691 792 3733 contra
812 3679 877 3735 ulos
897 3696 1017 3735 oramus
1034 3692 1063 3735 et
1080 3680 1176 3734 orabi.

169 3898 347 3955 uuus.quoa.
397 3896 663 3950 tisineconuano.
707 3896 897 3955 aissaaquse.
946 3893 1175 3950 ostnexncteut.

119 3973 210 4022 ΜΠ,
228 3976 292 4018 tuac.
