2586 4696
188 286 250 358 '170
536 291 539 297 ”
671 293 761 362 teto

187 445 268 507 Nam
286 464 341 516 ego
358 448 564 529 conditiones,
590 465 663 522 quas
681 450 777 505 verbo
794 449 963 520 gratissimo
981 447 1164 506 intitulastis:
1191 450 1248 508 tta·

189 535 366 608 teturtldltlte‘
386 538 408 603 ²)
427 536 654 605 uttltltltlt'tllldtt
672 539 788 602 mittet,
805 541 831 604 ²>
853 530 912 596 non
932 542 1040 609 leram,
1064 541 1178 596 etiamsi
1196 557 1248 597 au.

188 629 273 698 gelus
291 631 326 682 de
351 631 439 685 coelo
459 632 567 687 urserit
583 629 610 694 ³)
636 642 666 687 et
684 630 817 701 jusserit.
853 630 934 706 Quid
956 631 1035 687 enim
1057 632 1135 686 aliud
1159 640 1247 702 agunt

188 708 367 785 idversarii,
384 737 473 792 quam
490 731 523 775 ut
540 722 592 793 ipsi
605 739 641 776 rte
658 720 717 793 pilo
729 721 850 790 quidem
863 722 950 776 nobis
963 721 1085 788 cedant,
1103 737 1161 777 nos
1172 737 1245 776 vero

187 825 248 864 non
267 810 367 864 solum
385 811 525 866 cedamus
542 803 572 877 l)
591 827 754 879 cntionem,
772 813 896 880 missas,
914 804 1083 878 ⁵)-atreram
1099 811 1246 882 speeiem,

189 901 382 966 caelibatum,
406 911 434 955 et
445 900 688 969 jurisdictionem
706 916 879 968 consuetam
896 901 1062 975 hactenus,
1088 902 1141 956 sed
1160 901 1246 956 etiam

94 1003 99 1021 ·
188 991 402 1058 conliteamur,
427 1007 479 1046 eos
498 999 578 1044 recte
596 991 743 1058 sensisse,
770 991 935 1058 occidisse,
950 984 977 1055 ⁶>
1003 992 1110 1046 secisse
1127 990 1246 1059 omnia,

96 1089 97 1093 ’
156 1104 160 1108 ·
188 1091 218 1136 et
234 1082 310 1135 salso
323 1097 338 1134 a
351 1078 438 1136 nobis
454 1080 600 1136 hactenus
614 1090 771 1136 accusatos
787 1095 864 1136 esse.
898 1081 965 1136 Hoc
978 1093 1033 1149 est,
1046 1092 1150 1136 nostro
1163 1081 1247 1137 testi.

163 1216 168 1227 .
186 1171 290 1227 monio
308 1186 376 1227 sese
387 1162 418 1237 7)
430 1170 597 1250 justificare
614 1184 643 1226 ct
655 1185 711 1225 nos
724 1170 807 1241 ipsos
821 1169 959 1225 damnare
970 1169 1147 1238 voluerunt,
1164 1172 1245 1241 quod

92 1279 96 1288 ¹
185 1257 247 1329 non
266 1273 312 1316 est
329 1261 500 1332 simpliciter
517 1277 677 1328 revocare,
697 1259 750 1315 aad
767 1260 814 1314 bis
829 1269 942 1314 ternos
955 1259 1037 1332 ipsos
1049 1260 1245 1327 maledicere,

186 1344 348 1426 et·illos⁸)
369 1352 554 1406 benedicere.
589 1352 646 1405 Sed
672 1351 743 1423 quid
769 1367 825 1420 ego
852 1351 888 1404 de
914 1349 959 1405 his
981 1360 1082 1404 tecum
1105 1350 1245 1419 longius?

187 1442 272 1513 quasi
295 1458 351 1497 vos
374 1426 435 1497 s'ion
458 1442 582 1496 videatis
606 1439 663 1497 has
687 1440 869 1513 turpissimas
891 1424 1085 1512 turpitudines
1103 1449 1132 1493 et
1150 1438 1245 1512 impu.

187 1530 314 1585 dentiam
327 1531 445 1585 illorum
462 1542 521 1585 tam
538 1541 739 1586 monstrosam
751 1569 760 1597 ,
777 1541 813 1582 ur
823 1529 905 1584 nullo
918 1530 1039 1584 saeculo
1050 1529 1089 1583 sit
1101 1527 1245 1583 oblivioni

187 1622 338 1680 ardenda.
372 1622 413 1677 Et
430 1623 501 1695 quid
519 1636 580 1677 erat
601 1637 677 1694 opus
699 1613 753 1675 tot*
766 1620 955 1675 conditiones
980 1635 1109 1688 ponere,
1136 1619 1160 1672 si
1184 1618 1245 1672 hoc

185 1711 354 1767 vellemus?
387 1712 506 1767 Demus
533 1711 632 1767 solum
657 1714 822 1778 canonem,
851 1710 955 1764 demus
980 1709 1075 1762 solam
1101 1708 1245 1780 privatam

85 1824 88 1836 ·
185 1801 325 1856 missam:
352 1795 569 1866 alterutru1n9)
590 1801 699 1854 lionam
725 1800 796 1855 satis
823 1799 879 1855 erit
905 1800 941 1854 ad
964 1799 1126 1867 negandam
1149 1809 1244 1854 totam

185 1890 351 1945 doctrinam
370 1903 517 1960 nostram,
544 1902 574 1946 et
592 1893 709 1945 illorum
730 1888 925 1943 statuendam.
957 1888 1078 1944 Deinde
1103 1888 1128 1942 si
1148 1887 1244 1959 juris.

168 1979 274 2036 'dictio
292 1977 411 2053 pristina
428 1981 590 2054 Episcopis
608 1983 710 2048 detur,
735 1981 833 2034 adhuc
858 1979 1021 2052 perfectius
1044 1979 1144 2035 omnia
1169 1995 1243 2033 con.

185 2086 271 2126 cessa
295 2081 378 2127 aunt:
403 2071 519 2126 scilicet
544 2072 600 2143 ipsi
617 2069 781 2141 Evangelio
793 2078 952 2126 ,manentes
968 2069 1073 2124 hostes
1091 2070 1187 2123 ferent
1203 2069 1241 2132 ¹⁰)

185 2159 339 2229 Evangelii
356 2161 604 2217 concionatores?
621 2161 658 2224 ¹¹)
692 2161 748 2215 Sed
769 2169 882 2230 cogunt
905 2160 958 2215 ista
976 2157 1066 2215 scribi
1083 2175 1099 2212 a
1116 2174 1180 2227 me,
1206 2168 1242 2214 ut

126 2301 129 2310 .
184 2250 263 2318 dixi,
282 2252 465 2323 importunae
482 2261 511 2306 ct
529 2250 680 2323 improbae
693 2251 791 2306 literae
805 2262 995 2316 nostrorum,
1012 2259 1123 2305 taumm
1137 2257 1168 2302 ut
1180 2248 1241 2303 sint

183 2341 258 2399 mihi
276 2343 305 2396 in
322 2341 537 2408 testimonium,
555 2341 709 2411 scripsisse
727 2358 775 2396 me
793 2340 892 2397 vobis.
925 2341 1033 2398 Nostis
1046 2339 1141 2404 euim,
1158 2337 1242 2409 quod

185 2443 269 2488 antea
287 2431 462 2503 significavi,
482 2444 627 2503 quatenus
644 2431 806 2503 Episcopis
818 2428 1058 2502 jurisdictibnem
1077 2430 1242 2485 cedendam

180 2523 357 2592 judicarim,
375 2532 404 2576 ct
422 2523 492 2578 satis
510 2522 626 2589 monui,
648 2540 685 2576 ne
704 2522 769 2593 plus
787 2522 933 2576 cederetis
943 2561 952 2587 ,
970 2538 1060 2593 quam
1077 2520 1243 2576 haberetis:

187 2621 217 2668 et
235 2614 291 2685 ipsi
309 2612 440 2683 Principi
458 2612 543 2667 latius
560 2624 590 2667 et
606 2612 734 2666 seorsim
751 2623 823 2666 tunc
841 2610 999 2682 respondi:
1021 2626 1129 2664 verum
1147 2610 1246 2665 surdis

186 2701 300 2758 fabulas
315 2720 416 2758 narro.
452 2702 570 2778 Quare,
588 2703 628 2758 mi
644 2703 745 2768 Jona,
762 2704 810 2756 fac
827 2712 860 2756 ut
878 2701 1056 2768 resciscam,
1074 2717 1108 2754 an
1125 2699 1244 2754 interim

171 2794 255 2875 'plus
279 2793 437 2862 acciderit,
465 2793 546 2866 quod
568 2795 689 2848 nollem.
723 2793 803 2849 Num
819 2792 966 2847 hactenus
983 2802 1045 2845 acta
1062 2807 1078 2844 a
1097 2790 1245 2861 proximis

186 2886 279 2941 literis
297 2904 356 2939 non
375 2884 462 2938 video
480 2884 550 2955 quid
569 2884 713 2950 officiant,
728 2883 764 2949 ¹2)
782 2892 850 2937 cum
868 2898 958 2938 causa
975 2883 1013 2937 sit
1031 2883 1066 2936 de
1083 2885 1197 2950 integro
1210 2879 1245 2933 ad

101 3026 105 3033 .
185 2976 343 3029 Caesarem
360 2974 478 3043 sujecta.
514 2978 560 3028 Ac
576 2975 691 3040 videte,
709 2991 746 3029 nc
765 2974 792 3028 id
809 2973 1017 3040 committatis,
1030 2970 1067 3038 ¹³)
1085 2988 1148 3042 quo
1167 2971 1244 3024 inter

184 3081 242 3120 nos
259 3064 341 3136 ipsos
356 3057 399 3129 ll)
423 3064 553 3118 schisma
575 3065 695 3118 oriatur.
730 3063 771 3117 Sit
788 3080 860 3118 sane
879 3080 936 3134 pax
954 3064 981 3118 in
999 3062 1095 3118 oculis
1113 3059 1244 3127 nostris,

186 3155 336 3226 quidquid
344 3169 411 3210 esse
422 3156 544 3226 possit,
563 3145 714 3220 tamen15)
732 3165 819 3210 autor
836 3160 916 3227 pacis
930 3163 960 3208 et
977 3152 1087 3207 arbiter
1098 3151 1247 3205 bellorum

187 3256 234 3300 est
251 3246 347 3314 tnujor
363 3261 455 3317 pace,
480 3258 509 3300 et
526 3244 619 3312 tnagis
638 3261 710 3313 pace
729 3237 763 3305 16)
791 3245 946 3300 colendus.
983 3243 1092 3315 Neque
1111 3257 1246 3296 nostrum

16 3404 23 3417 x
88 3380 91 3385 .
185 3348 231 3411 eat
249 3335 378 3389 divinare
397 3333 473 3391 bella
498 3336 612 3402 lutura,
639 3344 777 3388 nostrum
804 3346 849 3390 est
874 3335 1048 3406 sitnpliciter
1069 3334 1192 3387 credere
1218 3341 1247 3385 et

186 3423 332 3480 confiteri.
368 3424 437 3480 Non
457 3423 557 3480 scribo
574 3424 668 3493 haec,
687 3427 767 3497 quod
785 3425 907 3499 opiner,
926 3441 981 3481 vos
999 3424 1162 3496 quidquam
1175 3439 1247 3475 con-

236 3614 257 3661 t)
271 3610 347 3658 Flac.
362 3611 542 3665 untrarttliidar.
590 3615 613 3660 2)
629 3612 715 3657 Budd.
730 3621 752 3657 a.
762 3611 793 3658 st.
808 3609 845 3656 Fi.
860 3609 957 3656 uniret.
1007 3610 1029 3659 il
1044 3606 1126 3652 coel.
1140 3606 1166 3651 B.
1182 3615 1203 3652 a.
1217 3606 1249 3653 st.

186 3684 292 3734 venerit.
325 3683 545 3735 d)Fl‚credamua‚
579 3685 751 3736 5)c.missam.
787 3680 1086 3735 sistaricenses.
1121 3679 1251 3730 nlla&-

184 3757 346 3805 l³l.csillos.
390 3757 462 3808 sill.
478 3758 546 3802 istos.
567 3757 592 3802 C.
608 3756 682 3812 ipsos.
723 3748 1056 3811 ¹illibatiutriunque.
1082 3752 1239 3804 tullia&

187 3831 256 3878 ait-l
281 3832 369 3878 fierent
403 3831 541 3878 instarent
591 3829 775 3882 lticoel.Fl.
795 3827 985 3886 praedicatores.
1037 3814 1250 3877 sustentant?

185 3910 219 3958 ts)
231 3905 260 3951 l²l
283 3905 427 3953 committas.
479 3904 511 3955 tt)
525 3904 580 3950 Bm.
589 3905 620 3953 st.
634 3903 765 3961 vosipsos.
817 3905 850 3953 15>
863 3901 901 3948 Η.
917 3902 943 3949 c.
957 3902 993 3948 stt
1006 3892 1064 3948 sane
1078 3912 1126 3959 pax
1140 3899 1256 3968 quicquid
1279 3951 1281 3956 ,

185 3979 255 4025 valet
268 3979 292 4025 iu
307 3977 384 4026 oeulis
398 3977 488 4025 nostrls
494 4009 503 4036 ,
517 3978 567 4026 sed.
619 3978 651 4029 tt)
664 3976 681 4026 1¹
686 3977 704 4024 l.
718 3976 746 4024 C.
757 4000 787 4046 ‘.
796 3988 863 4035 pare.
