2586 4696
199 276 263 348 106
681 286 773 352 isso.

134 502 137 509 ,
195 439 431 499 ecclesiasticam
446 449 477 499 et
487 444 658 516 politicam,
673 461 748 517 quas
758 444 834 501 mire
847 442 983 499 contudit
999 440 1254 499 etmiscuitSatan

132 522 159 551 ‘·
186 524 253 604 'per
271 530 429 604 Papatum:
453 535 540 590 nobis
557 535 609 590 hic
631 535 739 590 acriter
755 533 933 604 uigilandum
956 543 1021 601 est,
1044 548 1101 587 uec
1118 529 1256 588 commit.

196 621 337 689 tendum,
355 633 388 678 ut
405 622 503 680 denuo
520 624 753 690 confundamur,
771 641 828 679 uec
845 623 897 677 uili
916 621 1102 688 cedendum,
1118 628 1170 685 aut¹
1183 634 1255 673 con.

195 710 400 778 sentiendum,
416 723 451 768 ut
461 714 634 768 confundat.
646 713 672 777 ¹)
700 713 768 768 iioc
782 711 860 767 enim
871 720 954 767 esset
968 709 1084 765 iuribus
1091 718 1127 764 et
1138 707 1256 764 latroni.

195 795 253 854 bus
271 801 462 871 participare,
489 802 555 873 quia
573 803 669 856 divina
688 813 735 857 est
751 803 892 857 autoritas
908 800 1002 864 haec,
1014 798 1043 864 ²)
1073 815 1149 870 quae
1172 815 1255 868 prae.

197 886 289 960 cipit,
307 906 356 945 eas
374 891 505 947 diversas
522 901 553 948 et
567 892 772 964 impermixtos
788 891 915 959 servari,
936 890 1056 947 dicensi
1078 895 1256 944 vosautem

195 992 265 1034 non
281 980 338 1036 sic.
443 1027 444 1030 ,
582 1016 586 1023 .
744 1021 745 1024 ,
1067 1014 1072 1044 ,

212 1156 215 1163 ¹
262 1093 419 1164 Secundo,
436 1111 477 1152 ex
492 1096 554 1151 hoc
571 1096 723 1167 sequitur,
745 1096 826 1170 quod
844 1096 946 1152 eadem
964 1109 1090 1167 persons
1106 1109 1170 1149 non
1187 1109 1259 1164 pos.

196 1181 236 1239 sit
251 1198 319 1239 ease
336 1185 507 1257 Episcopus
526 1196 556 1240 et
569 1186 732 1258 Princeps,
747 1202 806 1242 nec
822 1185 911 1243 simui
924 1198 1029 1258 pastor
1043 1194 1074 1241 et
1090 1184 1258 1255 paterfami-

194 1272 261 1328 lias.
295 1274 435 1345 intelligis
449 1275 498 1330 hic
516 1277 587 1336 satis
604 1275 673 1347 quid
689 1273 721 1340 ³)
739 1276 837 1331 veiim.
869 1275 1020 1332 Personas
1038 1273 1255 1347 impermixtos,

195 1364 275 1419 sicut
297 1376 327 1419 et
344 1365 615 1421 administrationes
632 1366 723 1435 volo,
749 1365 863 1422 etiamsi
889 1365 969 1421 idem
984 1365 1078 1420 homo
1098 1375 1255 1436 atramque

192 1469 356 1533 personam
373 1472 477 1524 gerere
496 1456 605 1527 possit,
623 1465 654 1511 et
671 1457 747 1510 idem
763 1456 951 1512 Pomeranus
968 1454 1066 1527 possit
1082 1468 1150 1510 esse
1167 1470 1254 1524 paro.

194 1543 272 1599 ohus
289 1553 319 1598 et
330 1561 528 1601 oeconomus.
561 1545 643 1602 Nolo
658 1547 736 1601 enim
749 1545 911 1619 episcopos
923 1544 1060 1612 turbare,
1078 1543 1103 1599 si
1118 1543 1168 1615 qui
1180 1543 1254 1599 boni

193 1631 342 1689 intereos
360 1642 441 1711 sunt.
475 1634 524 1690 Sic
541 1633 693 1692 conradus
711 1652 727 1690 a
744 1633 896 1704 Thuugen
913 1632 991 1688 idem
1007 1633 1102 1688 homo
1119 1642 1167 1689 est
1178 1633 1254 1689 Dux

193 1719 334 1782 Francius
348 1734 377 1778 et
387 1724 559 1796 Episcopus
572 1724 809 1796 Herbipoieasis,
827 1739 897 1778 cum
912 1734 1010 1779 tamen
1023 1723 1100 1779 Dux
1111 1722 1255 1779 Francius

183 1829 256 1868 non
277 1814 375 1886 possit
400 1830 468 1870 esse
488 1815 660 1887 Episcopus
682 1814 917 1886 Herbipoiensia.
951 1812 1034 1869 liuec
1056 1813 1102 1869 sio
1125 1812 1256 1868 verbose

194 1919 299 1959 coram
322 1915 368 1973 tc,
392 1905 459 1976 quia
477 1906 555 1960 nosti
577 1904 704 1959 verbum
719 1915 856 1960 nostrum
879 1901 1071 1975 potissimum
1093 1901 1183 1958 etiam
1199 1896 1256 1958 has

194 1993 354 2049 efficientes
380 2010 484 2049 causas
511 1994 702 2049 traditionum
727 2004 888 2056 tractasse,
911 2008 974 2048 non
997 2001 1112 2048 tantum
1136 1990 1255 2062 finales,

196 2098 271 2155 quas
287 2093 320 2138 tu
338 2083 510 2139 numerasti.
526 2072 568 2151 ’4)

259 2195 387 2264 Tertio,
413 2196 604 2269 Episcopus,
629 2206 662 2253 ut
678 2197 864 2271 Episcopus,
892 2196 1002 2253 nullam
1019 2195 1110 2252 habet
1125 2202 1257 2266 potesta.

192 2290 256 2354 tem
280 2300 373 2356 super
393 2285 562 2342 Ecclesiam
587 2303 670 2341 suam
694 2288 781 2343 uilius
805 2287 966 2343 traditionis
993 2300 1042 2341 aua
1066 2284 1255 2341 ceremoniae

193 2373 409 2446 imponendae,
434 2375 490 2431 nisi
509 2392 660 2430 consensu
676 2375 834 2431 Ecclesiae
852 2376 901 2431 vei
923 2389 1070 2446 expresso
1087 2373 1134 2428 vei
1149 2373 1255 2429 tacito.

128 2462 130 2466 ’
194 2463 274 2540 Quia
290 2463 428 2521 Ecclesia
451 2474 495 2520 est
516 2465 608 2520 libera
631 2478 661 2521 et
685 2467 822 2533 domina,
847 2475 876 2520 et
893 2463 1037 2536 Episcopi
1060 2481 1121 2519 nou
1145 2462 1256 2517 debent

194 2552 338 2610 dominari
351 2554 417 2611 iidei
430 2554 654 2620 Ecclesiarum,
672 2571 728 2610 nec
745 2554 850 2610 invitas
865 2570 989 2609 onerare
1006 2562 1056 2607 aut
1073 2551 1255 2624 opprimere.

193 2640 268 2699 Sunt
285 2644 364 2699 enim
375 2644 499 2701 ministri
518 2655 548 2699 et
564 2644 723 2701 oeconomi
741 2653 873 2713 mutum,
889 2660 950 2699 noa
961 2642 1117 2699 Ecclesiae
1132 2643 1256 2699 domiai.

194 2735 224 2790 Si
247 2743 345 2789 autem
370 2734 508 2790 Ecclesia
534 2734 736 2802 consenserit,
763 2751 820 2788 ceu
841 2744 933 2788 unam
957 2748 1069 2804 corpus
1094 2749 1165 2787 cum
1183 2733 1257 2806 Epi.

194 2839 311 2895 scopo,
338 2836 464 2895 possunt
488 2841 579 2895 super
602 2841 635 2879 se
662 2824 833 2896 imponere,
860 2823 1001 2895 quicquid
1027 2822 1148 2890 volent,
1173 2823 1256 2878 salva

192 2913 318 2985 pietate,
337 2929 440 2968 rursus
453 2915 540 2970 etiam
553 2931 607 2987 pro
626 2913 744 2969 arbitrio
759 2914 906 2968 omittere.
941 2912 970 2968 Si
985 2913 1061 2967 hanc
1074 2922 1254 2985 potestatem

192 3001 338 3074 Episcopi
361 3021 422 3058 uon
447 3013 609 3075 quaerunt,
634 3004 739 3058 volunt
762 3002 923 3070 dominari,
948 3013 978 3057 et
1002 3003 1030 3056 in
1054 3018 1110 3058 suo
1133 3001 1254 3057 arbitrio

193 3092 262 3147 solo
280 3093 378 3147 curma
396 3095 532 3149 retinere.
543 3085 573 3158 5)
607 3093 674 3148 Hoc
691 3092 779 3151 nobis
798 3109 857 3147 uon
875 3104 920 3145 est
935 3091 1174 3169 concedendum,
1192 3109 1251 3146 nec

192 3183 255 3237 uilo
267 3184 359 3237 modo
371 3183 602 3254 participandum
616 3181 687 3237 huic
707 3181 849 3254 iniquitati
867 3191 897 3236 et
913 3181 1037 3253 injuriae
1056 3196 1109 3236 seu
1124 3198 1253 3254 oppres.

187 3272 288 3331 sionis
305 3271 462 3329 Ecclesiae
479 3284 507 3327 et
523 3272 664 3327 veritatis.

260 3388 395 3463 Quarto,
412 3387 583 3458 Episcopus
600 3397 632 3440 ut
649 3386 795 3459 Princeps
812 3387 907 3440 multo
924 3386 1137 3459 minuspotest
1158 3402 1252 3458 super

192 3478 366 3536 Ecclesiam
392 3479 546 3550 imponere
563 3477 743 3548 quidquam,
769 3476 916 3548 quiahoc
940 3488 1021 3531 esset
1039 3492 1162 3547 prorsus
1181 3493 1256 3531 con.

193 3567 316 3624 fundere
333 3568 389 3622 has
407 3568 479 3621 datas
498 3577 678 3638 potestates,
703 3575 731 3620 ct
748 3576 812 3621 tum
827 3582 899 3620 vere
917 3577 999 3621 esset
1019 3565 1256 3637 aiiotrioepisco.

192 3678 270 3734 pus,
297 3669 327 3714 et
349 3674 405 3713 nos
431 3658 456 3712 si
480 3657 701 3712 admitteremus
727 3671 815 3723 eum,
839 3670 976 3711 essemus
1001 3654 1079 3728 paris
1104 3655 1252 3726 sacrilegii

242 3894 263 3939 il
278 3888 359 3935 cort.
375 3911 401 3924 -
412 3900 457 3933 neo
471 3886 515 3934 uili
529 3890 578 3935 etc.
625 3889 649 3936 2)
663 3888 746 3935 Coei.
759 3887 855 3936 aurit.
872 3887 911 3936 hie
923 3899 945 3936 a.
994 3889 1021 3940 ὃ)
1036 3887 1066 3934 Α.
1081 3885 1165 3936 ilasi.
1177 3885 1252 3946 quud·

193 3965 215 4017 i)
235 3963 317 4012 Coei.
333 3974 405 4011 caum
419 3961 501 4009 orasti
550 3964 573 4011 6)
593 3961 675 4010 ilasi.
688 3961 786 4011 iubere.

91 4304 297 4434 Α
