2586 4696
563 322 654 391 15³1.
843 304 849 331 ¹
1009 319 1012 331 ²
1076 304 1138 385 sol

73 475 137 532 dno
152 484 286 550 peccata
309 477 542 543 maximstanta
568 489 653 548 sunt,
679 487 713 534 ut
737 466 977 535 nnins'mino'iia
1005 461 1139 550 peceati,

73 569 252 640 praesertIm
269 570 419 640 praeteriti
438 579 467 624 et
479 569 542 639 jam
560 568 694 637 remissi,
711 584 746 621 ac
762 585 834 632 vere
846 551 913 639 jain
929 585 990 623 non
1008 568 1136 640 peccati,

72 659 156 716 nulla
173 661 345 730 sitprorsus
363 659 440 714 ratio
452 658 598 713 habenda.
633 659 812 729 conjonctio
830 659 1010 715 enim'maris
1028 667 1058 713 et
1074 659 1138 712 loe.

71 748 173 805 minae
197 749 359 819 conjugalis
383 758 429 803 cst
445 748 535 802 divini
555 748 633 818 juris
656 761 685 802 et
706 749 857 805 naturalis.
871 778 876 796 .
890 749 947 804 Scd
973 747 1137 820 prohibitio

72 839 181 893 uxoris
198 839 349 894 demortui
371 839 471 894 fratris
488 837 521 904 ¹)
545 851 591 893 est
608 839 734 916 positivi¹
746 839 824 908 juris
830 877 841 907 ,
864 856 926 894 non
943 839 1051 907 divini,
1075 837 1135 894 nisi

71 927 203 983 cavillari
216 928 308 996 velis,
319 927 349 994 2)
367 927 542 997 omniajura
560 943 631 983 esse
644 927 758 994 divina,
774 928 843 1000 quis
859 927 1036 999 omniajma
1047 929 1137 984 Deus

72 996 253 1090 sp'probarit.
288 1016 391 1093 Quare
403 1019 511 1073 frustra
525 1027 635 1074 vexant
648 1018 863 1074 conscientiam
873 1018 985 1089 Regis,
1003 1019 1054 1090 qui
1068 1034 1139 1075 eum

71 1109 110 1162 ad
135 1107 292 1179 repudium
313 1107 476 1176 solicitant,
503 1107 564 1162 imo
588 1107 761 1177 gravissime
779 1117 906 1179 peccant
928 1106 967 1165 in-
982 1109 1078 1179 legem
1096 1107 1138 1163 di.

70 1213 183 1253 vanem.
946 1211 950 1220 ¹

67 1300 73 1309 ¹
140 1309 234 1386 Quod
249 1326 325 1366 vero
343 1310 468 1381 allegant
485 1325 555 1368 esse
572 1320 676 1365 contra
688 1311 741 1381 jus
762 1311 913 1381 disisam,
928 1313 1042 1372 ducere
1059 1329 1137 1369 uxo.

69 1416 137 1456 rem
162 1400 264 1457 fratris
290 1400 419 1470 mortui,
445 1417 552 1472 nempe
581 1401 706 1456 Levitici
728 1400 854 1457 XVlll.:
886 1402 1136 1477 Turpitudinem

69 1490 190 1547 uxoris
196 1487 328 1560 fratris
344 1490 393 1544 tui
408 1505 474 1544 non
491 1486 664 1544 revelabis:
682 1491 850 1562 respondeo
872 1492 1014 1563 palmum:
1032 1494 1062 1549 Si
1080 1496 1136 1549 vo‘.

68 1581 134 1635 lent
150 1579 323 1638 Mosalcam
348 1580 445 1650 legem
470 1580 575 1651 sequi,
601 1590 630 1633 et
656 1596 713 1634 nos
737 1581 794 1636 sub
820 1582 909 1637 istum
936 1583 1137 1652 legislatorem

69 1670 211 1739 trudere,
235 1680 307 1726 tunc
331 1671 359 1725 id
384 1669 529 1737 efficient,
554 1679 586 1722 ut
601 1668 671 1724 Rex
696 1669 727 1724 in
749 1671 807 1725 isto
825 1687 898 1726 casu
921 1681 1056 1727 teneatur
1074 1690 1136 1728 non

71 1759 175 1816 solum
187 1760 330 1831 Reginam
347 1761 476 1814 retinere
494 1760 631 1822 ductam,
650 1760 702 1814 sed
721 1761 846 1815 etiamsi
864 1761 952 1817 ducta
964 1778 1025 1820 non
1044 1773 1137 1833 esset,

73 1848 215 1906 omnibus
232 1850 329 1905 modis
347 1849 472 1918 ducere,
498 1862 527 1904 et
545 1850 646 1905 fratris
673 1849 718 1905 sui
737 1838 840 1905 semen
858 1853 1017 1907 suscitarat
1043 1869 1138 1929 quam

71 1940 233 2012 doquidem
246 1941 338 1996 lrater
350 1940 521 1993 demortuus
534 1956 593 1994 non
606 1941 723 2011 reliquit
733 1941 843 1997 liberos
858 1958 896 1997 ex
911 1945 1013 1997 eadem
1027 1961 1137 2015 uxore,

73 2043 105 2085 nt
123 2030 250 2086 habetor
263 2027 296 2095 ³)
314 2030 392 2084 clare
409 2030 578 2085 Deuteron.
591 2030 704 2100 XXV.,
723 2041 753 2087 et
770 2031 917 2088 Matthaei
930 2033 1038 2091 XVIII.
1057 2018 1139 2111 renis⁴

71 2134 153 2178 tatur
170 2138 186 2175 a
204 2120 362 2175 Saduoaeis
380 2137 484 2175 coram
502 2119 637 2177 Christo.
655 2116 662 2133 ''

139 2249 185 2307 At
196 2245 247 2300 hic
265 2244 388 2314 dicunt,
405 2245 502 2312 legem
518 2244 646 2299 Denter.
664 2241 759 2299 XXV.
778 2244 871 2300 luisse
889 2248 1137 2320 ceremonialem,

71 2353 152 2411 quae
168 2336 277 2390 cedere
295 2334 401 2390 debeat
419 2333 474 2402 legi
492 2332 621 2388 Levitici
637 2332 770 2402 XVIII.,
796 2351 871 2406 quae
888 2336 979 2393 fuerit
996 2339 1136 2409 moralis,

69 2429 142 2498 quia
168 2425 375 2480 ceremonialia
405 2423 607 2491 cessaverint,
643 2423 764 2477 moralia
795 2442 857 2492 non
891 2421 1138 2496 cessaverint.⁴).

71 2518 151 2592 Quis
172 2516 303 2570 hicnon
328 2515 409 2569 videt
432 2514 505 2568 tales
523 2513 705 2581 glossatores
728 2514 776 2568 vel
800 2528 982 2587 corruptos,
1007 2501 1068 2573 vel·
1081 2517 1138 2574 ista

68 2626 132 2663 non
148 2607 260 2677 judicio
277 2622 333 2660 nec
351 2603 479 2658 candore
498 2604 558 2656 ullo
585 2603 621 2655 ab
639 2604 681 2657 eis
698 2604 765 2662 dici.
791 2597 920 2661 'Scilicet
938 2617 997 2660 tarn
1014 2598 1046 2673 ⁵)
1072 2608 1135 2663 cito

69 2696 421 2764 Inveneruntglossant,
448 2710 505 2764 qua
530 2691 684 2747 eluderent
708 2693 804 2764 legem
831 2694 958 2750 Levitici
975 2697 1085 2754 XVIII.
1102 2692 1139 2766 6)

70 2788 131 2842 Hic
148 2786 308 2841 noluerunt
324 2784 454 2851 glossam
476 2781 598 2836 habere.
634 2781 753 2835 Clarum
777 2792 824 2837 est
847 2784 950 2853 igitur,
974 2788 1057 2857 quod
1073 2805 1134 2843 non

63 2872 201 2948 judicio,
219 2875 272 2930 sed
290 2889 342 2928 sua
353 2872 501 2928 voluntate
520 2871 565 2925 sic
577 2871 710 2939 glossare
728 2871 824 2941 legem
836 2873 892 2928 sibi
910 2874 1134 2935 incommodam

70 2974 306 3040 proposuerunt.
1125 2951 1129 2958 ¹

137 3087 257 3142 Deinde
274 3084 428 3158 quomodo
446 3081 631 3155 probabunt,
654 3081 750 3150 legem
767 3082 861 3139 Dent.
879 3083 975 3142 XXV.
999 3105 1066 3144 esse
1083 3091 1134 3145 vel

69 3177 170 3232 fnisse
195 3174 443 3234 ceremonialem,
468 3171 640 3243 praesertim
668 3188 737 3224 cum
755 3165 784 3237 7)
811 3176 1025 3232 conscientiam
1043 3160 1159 3236 velint.

68 3266 252 3323 certificari?
285 3268 333 3318 An
352 3263 422 3318 satis
441 3273 486 3316 nst
503 3261 621 3315 dicere:
639 3254 669 3328 8)
694 3259 762 3317 Nos
781 3263 818 3316 ita
835 3265 997 3336 volumus,
1022 3285 1077 3324 nos
1095 3271 1135 3325 itt

68 3359 215 3414 dicImus:
233 3346 345 3424 erg09)
365 3355 402 3407 sit
419 3351 646 3406 ceretnonialis?
682 3350 749 3406 Nos
762 3365 863 3408 contra
883 3356 1020 3423 dicimus,
1037 3359 1136 3431 legem

67 3445 303 3504 Deuteronomii
322 3445 417 3498 fuisse
434 3442 594 3508 moralem,
622 3441 689 3512 quia
708 3459 777 3497 vere
795 3444 849 3499 luit
865 3446 984 3518 politica
1008 3448 1043 3503 ad
1061 3467 1135 3506 con.

68 3537 232 3595 servandas
250 3533 390 3601 familias,
409 3533 451 3584 'ad
469 3531 636 3586 retinendas
654 3531 866 3603 haereditates,
890 3536 925 3591 ad
946 3541 1134 3609 quaerendos

122 3789 143 3837 l)
157 3782 218 3834 δώ.
232 3779 360 3834 ίώίιώῐετι
376 3777 508 3835 prohibitio
523 3776 552 3822 de
566 3776 655 3822 ntorlui
668 3776 750 3823 lralris
762 3788 848 3825 uxore.
896 3781 919 3833 2)
932 3781 1017 3829 lludd.
1032 3782 1133 3832 csvllita

69 3863 147 3906 retur.
194 3852 490 3906 stom-attalem.
535 3847 634 3898 diost.
648 3853 813 3901 cenaverunt.
856 3854 1024 3901 illisttant.
1069 3857 1091 3910 6)
1105 3861 1130 3904 ts.

68 3939 120 3992 tant
135 3933 216 3985 pinta:
239 3940 268 3974 tn
282 3938 332 3972 non
345 3926 426 3983 poluit
438 3923 487 3968 ulla
500 3922 623 3969 inveniti?
650 3923 747 3970 Scilicet
758 3926 809 3972 illle
823 3925 962 3976 volttnmt.
1011 3928 1035 3982 7)
1054 3930 1080 3978 Β.
1099 3924 1127 3980 ti.

66 4009 169 4065 mmm.
182 4005 225 4053 ltlc
238 4003 299 4056 ¹satit
314 4005 364 4056 est,
379 4011 424 4046 not
437 3999 527 4045 dicere.
575 3997 722 4056 sisqnod
779 4034 783 4042 .
1076 3993 1077 3997 ’
