2586 4696
184 301 252 397 270Ι
664 308 756 375 istit

215 459 407 530 mistiribt
423 459 466 525 int
482 461 627 532 &uniat
839 461 1203 522 N⁰.Mccct,xxxlx.

481 614 531 693 ito
558 612 725 685 motti
752 612 938 692 brianus.

181 768 304 822 viritim
317 761 400 822 idtio
411 771 436 835 i,
448 770 523 825 tisim
535 763 607 822 istim
616 781 657 817 un
669 771 764 824 tinette
776 771 842 827 sciti
860 771 905 820 trit
918 771 961 820 tm
972 772 1107 830 »ostentent
1121 770 1199 818 initis
1212 778 1237 818 tr

568 843 687 899 itnttotn
700 845 801 900 inbuti
814 845 849 898 tt.

181 1077 235 1128 itai
250 1078 290 1127 ist
301 1078 449 1133 &amnium
466 1077 505 1127 isi
521 1078 604 1133 coir·
617 1079 818 1135 &aristasius
835 1089 862 1132 tu
879 1078 944 1132 {tenu
962 1076 1003 1130 itt
1020 1077 1133 1137 &bita
1147 1077 1176 1125 tt.
1190 1079 1238 1128 253.

516 1151 574 1206 Qui.
587 1151 751 1198 Auriiaber
763 1151 806 1199 111.
818 1152 838 1200 f.
852 1152 896 1199 ttt.

217 1281 277 1340 Ad
290 1281 344 1338 M.
363 1281 549 1339 Oswuldum
565 1282 751 1353 Losonum,
768 1281 987 1355 Lipsiensem,
1003 1280 1041 1337 de
1057 1287 1195 1358 utraque

536 1373 638 1446 specie
654 1371 869 1429 Sacramenti.

179 1481 221 1580 Si
239 1527 423 1581 conscientia
440 1536 522 1583 certa
543 1536 607 1596 cst,
631 1537 787 1600 utramque
811 1525 945 1600 speciem
967 1524 1142 1582 sacramenti
1165 1540 1236 1592 esse

179 1616 291 1672 Christi
310 1617 543 1686 institutionem,
566 1633 642 1689 quae
657 1616 829 1672 hominibus
845 1633 907 1671 non
925 1625 971 1672 eat
992 1616 1021 1670 in
1038 1615 1179 1683 arbitrio,
1202 1624 1238 1671 ut

177 1721 237 1778 pro
256 1705 353 1776 lubitu
375 1722 410 1760 ac
433 1706 526 1761 libere
547 1715 677 1762 mutent:
698 1709 722 1763 si
743 1716 868 1778 utraque
888 1723 950 1761 non
966 1705 1154 1778 permittatur
1175 1705 1236 1773 uti,

176 1796 285 1851 melius
307 1805 354 1851 cst
375 1795 406 1851 in
430 1804 525 1851 totum
548 1795 715 1863 abstinere,
739 1812 828 1868 quam
847 1804 948 1850 contra
965 1795 1182 1850 conscientiam
1205 1807 1238 1850 et

174 1883 392 1942 institutionem
409 1885 519 1942 Christi
536 1897 647 1942 mutata
664 1888 761 1941 forma
772 1885 910 1941 divinitus
926 1885 1032 1940 tradita
1049 1902 1107 1940 una
1123 1893 1236 1940 tantum

175 1978 228 2033 uti.
260 1977 340 2032 Nam
362 1977 509 2032 abstinere
533 1977 562 2032 in
584 1986 681 2032 totum
702 1977 755 2032 hio
779 1978 842 2032 sine
865 1984 992 2048 peccato
1009 1975 1059 2042 fit,
1082 1991 1152 2029 cum
1171 1991 1235 2030 non

150 2104 153 2113 -
176 2078 235 2123 stet
246 2083 299 2138 per
311 2083 385 2134 noa,
403 2066 456 2121 sed
466 2067 616 2123 violenter
625 2065 714 2122 nobis
732 2066 768 2122 ab
781 2066 846 2134 his,
863 2065 914 2136 qui
927 2065 1095 2122 ministrare
1112 2064 1233 2132 debent,

174 2155 299 2228 rapitur.
339 2154 380 2210 Et
401 2155 451 2210 hic
473 2155 561 2211 simul
585 2155 621 2211 ad
645 2155 761 2211 tertiam
783 2155 991 2228 quaestionem
1014 2154 1231 2226 respondetur,

175 2245 256 2318 quod
280 2244 398 2299 interim
421 2244 530 2299 sufficit
558 2245 791 2299 communicatio
815 2243 880 2298 fidei
905 2260 960 2299 seu
984 2243 1162 2318 spiritualis,
1192 2243 1230 2297 dc

174 2351 231 2407 qua
248 2335 444 2404 Augustinus:
468 2334 567 2390 Crede
582 2341 612 2388 et
627 2334 847 2403 manducasti,
872 2335 940 2406 quia
957 2350 1017 2388 non
1034 2334 1103 2389 iicet
1118 2350 1231 2404 corpo.

81 2434 84 2438 ’
173 2426 267 2482 taient
282 2424 540 2480 manducationem
557 2423 728 2496 pectoribus
745 2426 898 2496 tyrannice
917 2439 1035 2494 rapere,
1061 2433 1111 2478 aut
1126 2425 1155 2477 vi
1178 2439 1233 2479 ex.

171 2526 326 2588 torquere.
358 2513 550 2586 Relinquitur
566 2530 639 2584 ergo
655 2531 782 2570 necesse
799 2514 955 2585 spiritualia
972 2514 1171 2568 manducatio.

239 2621 408 2677 Secundum
425 2621 606 2687 cavendum,
627 2638 665 2675 ne
683 2619 712 2675 in
729 2620 844 2691 privato
861 2630 909 2674 aut
925 2630 1042 2674 secreto
1061 2635 1232 2674 sacramen.

173 2723 237 2769 tum
261 2713 435 2782 accipiatur,
464 2721 528 2767 tum
552 2722 676 2782 propter
696 2711 789 2766 muita
814 2711 1004 2766 incommoda
1030 2721 1059 2765 et
1081 2711 1231 2782 pericula,

172 2815 237 2859 tum
250 2803 379 2858 maxime
397 2812 521 2874 propter
538 2800 753 2856 institutionem
766 2800 894 2868 Christi,
913 2801 1039 2872 quivult
1054 2799 1115 2854 hoc
1134 2816 1232 2855 sacra.

94 2904 97 2909 ⁴
171 2904 306 2947 mentum
324 2907 392 2947 esse
410 2891 544 2963 publicae
561 2890 756 2946 consessionis
774 2890 892 2945 dicens:
915 2891 985 2945 Hoc
993 2889 1100 2960 facite
1117 2891 1151 2943 in
1168 2892 1232 2944 mei

172 2981 518 3048 commemorationem,
535 2980 565 3034 id
582 2991 643 3044 est,
661 2979 908 3049 praedicationem
926 2988 954 3032 et
967 2980 1230 3048 annuntiationem,

172 3082 206 3126 ut
222 3069 332 3128 Paulus
350 3082 447 3125 vocat.
481 3069 607 3124 Rectius
624 3066 712 3136 igitur
728 3068 757 3122 itt
774 3079 870 3122 totum
886 3069 1059 3122 abstinetur.

237 3177 359 3242 Tertio,
368 3178 390 3243 ¹)
405 3176 430 3230 ai
443 3176 493 3246 qui
506 3174 572 3228 aiibi
587 3183 709 3244 utraque
721 3173 820 3246 specie
832 3173 1143 3237 communicaverunt,
1158 3174 1190 3226 hi
1202 3171 1231 3241 2)

172 3279 279 3340 postca
295 3266 428 3337 requisiti
444 3275 582 3319 tenentur
598 3263 748 3331 confiteri,
767 3279 933 3334 quanquam
950 3279 1010 3316 nun
1028 3274 1072 3316 est
1083 3280 1229 3332 necesse,

172 3359 197 3412 si
210 3356 290 3411 domi
308 3357 337 3410 in
354 3367 402 3410 tua
415 3353 556 3426 parochia
568 3365 711 3422 negetur,
730 3367 763 3407 ut
781 3356 809 3407 in
827 3352 920 3407 aliena
931 3352 1072 3424 parochia
1087 3355 1229 3425 accipitre,

170 3461 241 3502 cum
259 3463 320 3499 non
337 3445 377 3499 sis
390 3443 560 3498 membrum
577 3441 686 3497 alienae
699 3441 868 3512 parochiae.
904 3442 960 3495 Sed
979 3443 1049 3497 setis
1068 3453 1113 3515 est
1131 3456 1231 3514 tyran.

170 3537 271 3592 itidem
289 3539 316 3589 in
334 3544 382 3587 tua
395 3534 535 3604 parochia
546 3532 692 3603 patienter
707 3532 786 3586 ferre
804 3543 833 3586 et
844 3532 950 3601 silere,
969 3533 1092 3586 autulio
1111 3534 1229 3591 interim

170 3626 332 3702 proficisci,
349 3626 446 3679 donec
457 3622 618 3695 requisitus
631 3622 722 3677 fueris
735 3623 771 3676 de
785 3632 834 3677 tua
846 3621 911 3676 fide.
942 3624 1032 3676 Anno
1043 3623 1228 3680 MDXXXI.

846 3735 997 3791 Martinus
1014 3735 1132 3790 Luther
1150 3735 1192 3791 D.

217 3992 239 4041 1)
252 3990 334 4039 iiam·
347 3971 476 4039 tlssi'ettia
525 3985 547 4037 Ζ)
561 3983 622 4035 ΕΦ.
640 3988 728 4032 tamen.
