2586 4696
548 305 640 379 teat.
778 344 781 348 -
922 288 930 312 “
1065 307 1127 371 aaa

64 475 149 517 nnne
164 461 267 518 valere
279 459 368 523 debat
383 475 590 534 argumentum
601 465 828 523 contrarietatis.
861 464 919 522 Sed
931 464 955 523 ei
969 473 1017 520 est
1033 465 1128 520 ullum
1194 523 1199 549 ,

63 563 291 622 argumentum,
308 554 347 609 ait
364 554 430 625 ipse
444 554 644 626 abrogationia
662 557 767 625 locus,
793 565 824 613 et
840 556 975 612 desinant
991 556 1039 611 isti
1057 572 1132 611 con.

63 642 185 697 trariant
202 642 299 712 leg'em
316 643 446 700 Levitici
471 661 578 717 urgere
596 649 620 713 ¹)
644 646 781 701 ulterius.
816 645 878 722 Qui
895 649 1025 703 sentiunt
1047 662 1132 701 aere.

62 731 204 797 monialis
221 732 321 789 illicita
338 718 492 803 nobis,'hi
510 752 636 807 prorsus
648 733 722 790 nihil
740 735 922 806 intelligunt,
936 736 1011 808 'quid
1029 734 1131 790 situel

63 818 217 890 abrogatio
234 823 283 877 vel
301 825 511 879 ceremoniale.
548 825 763 880 Ceremooialie
783 837 854 880 sunt
870 834 941 896 poet
965 823 1133 893 abrogatio-

62 927 134 965 nem
146 910 238 966 libera
255 921 285 967 et
297 913 501 981 indifferentia,
519 931 579 970 non
596 915 722 986 amplius
735 924 893 987 praecepte
911 923 939 969 et
950 914 1130 982 necessaria,

63 1002 78 1054 l
97 1000 169 1057 Cor.
187 1008 229 1058 l.:
252 1001 317 1078 Qui
339 1003 547 1060 circumcisor
570 1011 634 1074 est,
657 1021 723 1061 nan
746 1004 882 1061 adducet
903 1005 1129 1079 praeputium,

62 1090 115 1146 ubi
131 1094 238 1162 docet,
256 1093 337 1166 quod
350 1095 601 1168 nec'praeputium
615 1113 692 1168 opus
707 1096 744 1151 sit
754 1095 885 1165 habere,
900 1096 1009 1168 alioqui
1020 1084 1129 1151 dudaei
1183 1168 1185 1173 ⁴

62 1176 167 1239 fideles
192 1195 372 1255 cogerentur
388 1187 573 1258 praeputium
599 1203 750 1257 reparare.
786 1187 877 1256 igitur
901 1187 1053 1256 abrogatio
1080 1186 1129 1242 est

61 1272 199 1330 liberatio
216 1275 329 1346 alege,
347 1293 408 1331 non
427 1292 526 1332 autem
543 1276 725 1348 prohibitio,
743 1293 774 1332 ut
791 1277 1032 1350 &Hieronymus
1052 1288 1129 1333 errat

61 1360 168 1419 contra
186 1367 398 1435 augustinum,
425 1377 458 1422 ut
482 1365 508 1422 si
535 1383 589 1422 rex
615 1368 643 1423 in
667 1369 763 1439 aliquo
788 1368 858 1426 loco
878 1367 968 1422 vellet
992 1366 1029 1421 tle
1047 1383 1128 1422 novo

61 1464 211 1523 statuere,
229 1453 260 1518 ²)
285 1456 388 1527 posset
407 1467 446 1510 ex
463 1456 553 1511 certis
579 1457 678 1512 causis
704 1457 816 1528 aliquot
838 1457 1024 1514 ceremonias
1041 1454 1129 1512 Mosi
1200 1499 1202 1503 >

56 1545 120 1615 jam
138 1544 292 1615 abrogatas
311 1555 341 1600 et
357 1545 467 1602 liberas
484 1547 678 1603 constituere.
712 1547 802 1609 Tunc
819 1564 895 1602 vero
912 1547 1039 1616 ligarent
1050 1549 1126 1603 istae

60 1635 249 1692 ceremoniae
273 1653 335 1691 non
362 1636 519 1693 autoritate
543 1635 663 1707 Masis,
694 1617 745 1692 a'e't
775 1635 855 1693 novo
880 1638 1009 1709 imperio
1036 1638 1125 1708 regis.

63 1725 168 1801 Quare
191 1725 305 1785 etiamsi
329 1728 380 1781 lex
397 1727 450 1781 ista
465 1724 635 1782 Deuteron.
654 1718 735 1783 esset
753 1717 978 1797 ceremonialia,
1000 1738 1030 1783 et
1045 1715 1127 1782 nttnc

63 1815 221 1885 abrogata,
247 1820 348 1871 tamen
372 1815 444 1871 Rex
468 1816 590 1886 Angliae
617 1832 657 1871 ex
680 1816 760 1886 justa
787 1833 894 1884 causa,
923 1813 1042 1889 qualem
1061 1816 1127 1888 jatu

60 1903 153 1959 babet
170 1922 240 1978 prae
255 1919 308 1975 ee,
331 1919 435 1961 contra
459 1904 535 1962 istos
553 1906 755 1975 cavillatores,
780 1916 884 1978 poaaet
907 1923 972 1962 eant
991 1908 1027 1961 tle
1044 1923 1126 1966 novo

61 2004 193 2051 statuere
217 2006 248 2052 et
265 2012 327 2069 quo
349 1996 421 2051 loco
438 1995 530 2052 vellet
547 1995 702 2065 mandare,
728 2009 762 2051 ut
784 1999 876 2051 frater
897 1996 997 2052 fratris
1015 1995 1139 2062 mortui.
1202 1984 1204 1987 ¹

61 2086 184 2140 duceret
196 2100 334 2142 uxorem.
367 2083 457 2142 Tunc
475 2087 530 2142 ista
542 2087 592 2142 lex
605 2096 726 2156 cogeret
737 2086 823 2159 plane
840 2087 964 2142 obedire
976 2082 1125 2159 subditos,

59 2176 137 2232 sicut
153 2175 304 2247 quaelibet
321 2175 374 2230 alia
391 2176 443 2230 lex
460 2177 537 2246 regia
554 2189 604 2230 aut
621 2176 703 2247 regni
720 2176 766 2233 aui
785 2176 897 2246 cirillia,
917 2176 1009 2233 Rom.
1025 2176 1123 2236 xlv.:

59 2265 166 2322 omnis
183 2265 296 2319 anima
313 2277 370 2320 cet.
1047 2313 1055 2324 ,

124 2355 167 2415 Ut
185 2356 341 2411 redeamus
363 2356 398 2410 ad
416 2355 513 2427 legem
532 2355 674 2426 Levitici‚
696 2355 871 2414 contrariam
895 2357 991 2428 legem
1007 2357 1125 2414 Dente.

58 2446 206 2514 ronomli,
232 2455 265 2514 ut
289 2445 335 2500 lsti
361 2445 474 2512 dicunt,
501 2445 718 2513 concedimus,
740 2461 809 2501 ease
834 2447 998 2503 contrarias
1025 2448 1125 2519 leges,

58 2536 113 2589 aed
130 2552 192 2589 non
216 2536 253 2589 ita
271 2535 464 2604 glossandas,
488 2538 523 2589 'ut
544 2534 776 2606 alteraprorsua
799 2536 932 2591 tollatur:
959 2553 1064 2591 verum
1090 2546 1125 2594 ut

59 2634 187 2697 utraque
205 2625 337 2679 salvetur
354 2637 384 2679 et
401 2635 555 2690 servetur,
572 2622 601 2690 ³)
628 2625 694 2696 quia
712 2624 766 2679 ista
783 2625 882 2694 glossa
899 2643 960 2680 non
977 2625 1122 2683 valuisset

59 2717 137 2787 apud
160 2717 315 2784 Jttdae‘oa,
340 2715 390 2787 qui
413 2726 589 2786 utramque,
622 2715 690 2769 licet
714 2716 892 2770 contrariam
919 2716 947 2771 in
973 2717 1122 2789 speciem,

60 2822 182 2861 servare
200 2805 391 2874 cogebantur.
427 2804 488 2860 Ista
506 2817 602 2858 autem
621 2816 667 2858 est
683 2821 753 2858 vera
770 2804 887 2874 glossa,
901 2808 981 2876 quod
999 2807 1049 2862 lex
1063 2807 1123 2862 Le.

60 2895 138 2948 vitici
163 2895 296 2966 loquitur
313 2894 350 2948 de
373 2909 470 2948 ttxore
488 2895 584 2948 fratris
600 2893 746 2961 viventis,
771 2906 801 2947 et
824 2895 872 2948 lex
889 2895 1121 2952 Deuteronomii

62 2989 101 3039 de
120 3000 216 3041 uxore
234 2985 331 3040 fratris
346 2985 468 3040 mortiti.
503 2985 550 3040 Sic
567 3002 627 3039 non
644 2995 789 3055 pugnant,
809 2986 861 3039 aed
879 2987 981 3040 ambae
999 3004 1122 3043 conser.

59 3089 183 3145 vantur,
210 3078 277 3149 quia
303 3075 353 3130 lex
372 3074 496 3130 Levitici
522 3075 696 3145 simpliciter
714 3077 750 3128 tle
776 3075 867 3129 fratre
894 3077 1042 3149 loquitur,
1068 3080 1121 3134 sed
1184 3118 1185 3122 ,

49 3167 187 3222 Denter.
201 3159 339 3238 exprimit
350 3177 520 3233 mortuum,
539 3176 570 3220 ut
582 3165 745 3234 significet,
762 3182 794 3219 se
807 3166 844 3220 de
859 3167 914 3221 alio
925 3169 1013 3223 fratre
1025 3168 1123 3242 loqui,

59 3271 150 3331 quam
167 3257 330 3313 Leviticae.
364 3257 411 3310 Sic
426 3255 561 3311 ,ioannes
578 3255 710 3328 Baptista
733 3259 827 3326 arguit
843 3256 1016 3328 Herodem,
1038 3261 1121 3333 quod

58 3346 157 3402 fratris
174 3346 301 3402 viventia
324 3360 454 3401 uxorem
472 3345 625 3411 habuerit,
648 3346 717 3417 quia
734 3343 885 3418 pluralitas
908 3364 1038 3403 uxorum
1060 3369 1121 3407 nott

59 3439 131 3492 lacit
148 3436 298 3491 Herodem
316 3434 601 3508 reprehensibilem,
627 3452 702 3507 quae
728 3449 789 3490 arat
812 3435 891 3491 licita
909 3443 1040 3504 cunctis,
1067 3441 1120 3498 sed

57 3528 105 3581 sic
130 3538 246 3593 tamen,
270 3540 308 3580 ne
332 3525 441 3579 viventi
456 3525 544 3580 ,fratri
571 3525 663 3578 frater
688 3540 816 3578 uxorem
843 3527 946 3596 specie
966 3527 1046 3598 juris
1071 3545 1139 3590 aut¹

57 3615 207 3673 blanditiis
226 3615 427 3684 abstraheret,
446 3616 522 3669 siant
535 3615 658 3668 domum
675 3618 704 3669 e't
722 3615 791 3668 altas
808 3631 855 3668 res
875 3618 960 3672 facile
973 3633 1118 3691 poterant.

59 3707 135 3783 Quo
151 3707 265 3762 scelere
283 3707 312 3761 in
329 3722 425 3761 uxore
439 3706 537 3759 ituit-is
550 3702 680 3775 Philippi
699 3703 836 3760 Herodes
848 3707 1028 3765 criminosus
1047 3724 1126 3784 erat.¹

109 3918 352 3971 tleaotitaatd.
402 3918 612 3970 ztutrrtttatiutm.
638 3911 903 3970 edi-itnnitlaciant.
952 3916 975 3970 3)
994 3915 1119 3969 Mater,

59 3999 169 4041 varelar.
