2586 4696
555 299 646 372 tsst.
1031 372 1035 379 ,
1068 287 1132 369 'stt
1206 349 1216 370 s

143 450 228 515 Unde
241 469 269 516 et
283 461 362 533 ipsae
374 459 510 533 publicae
528 461 609 531 leges
626 461 738 533 imperii
751 451 879 516 Romani
896 459 1034 516 damnent
1049 457 1137 528 liene,

78 548 373 619 dicendirstionem,
398 551 677 621 mulctentqttehne
701 567 815 622 poene,
840 562 872 604 ut
892 551 1015 620 jubeant
1039 550 1132 603 verbe

77 639 261 710 interpretari
279 652 387 695 contre
398 657 465 694 eum
492 642 606 713 ipsum,
632 643 681 720 qui
706 641 813 695 clarius
840 640 938 694 dicere
964 640 1075 709 potuit,
1101 647 1134 694 et

77 728 149 782 dixit
167 728 335 784 obscurius
367 729 438 784 Et
432 747 493 800 ipse
511 730 648 785 Christus
672 744 792 785 servum
811 713 895 783 illurn
918 746 1045 802 nequam
1062 743 1132 784 sese

77 817 231 872 insidiose
237 830 428 873 excusantem
446 819 610 887 damnavit,
630 831 658 873 et
670 818 790 873 verbis
784 819 877 889 ipsius
890 819 918 873 in
932 835 1000 872 eum
1013 813 1139 874 retortis

77 908 168 962 dixit:
191 909 249 964 Ex
265 923 321 962 ore
338 915 392 962 tuo
410 915 439 961 te
447 909 580 977 judico,
602 923 690 962 serve
706 923 852 982 nequam.
888 908 968 983 Quid
987 910 1066 962 enirn
1083 900 1140 962 lie.⁴

77 1006 139 1064 ret,
166 997 191 1051 si
215 996 244 1051 in
267 997 455 1066 religionibus
482 1007 512 1070 et
534 996 648 1066 legibus
674 1009 701 1051 et
722 999 859 1053 omnibus
876 997 1015 1066 gravibus
1034 997 1133 1052 causis

78 1102 321 1140 assuesceremus
345 1085 480 1156 ambigue
498 1095 527 1140 et
545 1086 685 1140 insidiose
704 1086 822 1152 dicere,
847 1087 902 1140 nisi
924 1086 1136 1142 confusissime

53 1176 126 1230 ‘ille
143 1175 297 1246 Babylon,
323 1176 352 1229 in
375 1175 547 1246 quantillus
567 1176 688 1254 alterum
707 1177 822 1254 tandem
841 1177 1000 1244 intelligere
1018 1177 1135 1248 possit?

78 1264 145 1319 lloc
164 1281 225 1318 non
242 1275 323 1319 esset
340 1265 456 1339 discere
475 1255 693 1334 eloquentiam,
711 1266 764 1318 sed
781 1264 876 1336 ipsam
893 1266 1055 1320 naturalem
1069 1281 1137 1336 per.

78 1355 149 1408 dere
167 1354 358 1425 loquentiam.
429 1396 431 1402 .

147 1470 267 1537 Deinde
284 1482 309 1536 si
327 1467 381 1537 ista
394 1481 508 1536 licentis
523 1492 641 1550 regnet,
661 1497 782 1551 possem
796 1498 851 1551 ego
863 1484 961 1538 omnia
974 1483 1145 1558 commode¹
1182 1485 1185 1488 ’

78 1572 285 1643 interpretari,
310 1587 659 1643 quaecunqueunquam
682 1588 786 1626 omnes
812 1573 953 1626 haeretiei
980 1575 1134 1640 dixerunt,

79 1664 206 1733 denique
219 1662 360 1732 quiequid
374 1664 436 1727 ipse
450 1660 595 1715 Dnbotus
607 1661 695 1730 lecit,
715 1661 804 1728 dixit,
822 1674 871 1716 eut
884 1662 984 1717 dicere
997 1674 1027 1718 et
1039 1665 1137 1719 iecere

80 1754 177 1824 possit
202 1753 230 1806 in
251 1763 414 1806 aeternnm.
450 1750 507 1804 Ubi
524 1761 595 1804 tunc
614 1748 669 1805 erit
687 1751 743 1804 ulls
761 1752 885 1806 facultas
904 1754 1047 1808 refutandi
1064 1753 1138 1809 hee.
1180 1790 1184 1795 ·

78 1843 191 1897 reticos
211 1852 238 1896 et
255 1840 440 1896 Diabolum?
473 1839 532 1894 Ubi
558 1839 697 1910 snpientia
719 1840 766 1894 illa
788 1840 899 1896 Christi
917 1842 1062 1913 Domini,
1085 1844 1135 1900 oui
1171 1876 1173 1881 ‚

78 1949 141 1986 nou
162 1932 277 2003 possint
293 1931 432 1985 resistere
445 1946 550 1984 ornnes
564 1929 744 1985 adversarii?
777 1928 835 1984 Ubi
847 1931 999 1986 dialectica
1011 1932 1138 1990 docendi
1165 1974 1168 1978 ι

77 2022 233 2090 magistra?
260 2020 319 2076 Ubi
334 2019 484 2074 rhetorica
496 2018 689 2089 persuadendi
706 2018 852 2073 incultus?
872 2019 956 2075 Nihil
968 2022 1136 2093 docebitur,

79 2105 231 2178 discetur,
258 2108 499 2181 persuadebitur,
525 2106 743 2175 consolabitur,
769 2107 946 2178 terrebitur,
971 2111 1040 2219 quin¹
1062 2111 1137 2169 nihil

79 2211 165 2256 certo
182 2212 231 2254 sut
246 2199 366 2272 proprie
384 2198 497 2252 dictum
514 2196 657 2254 audietur.

145 2340 238 2409 igitur
259 2354 329 2394 cum
351 2336 495 2392 Erremus
520 2334 557 2388 de
577 2331 717 2388 Jouanne
734 2333 923 2409 Evangeliste
948 2348 1006 2397 tum
1029 2339 1137 2399 leviter

78 2443 110 2487 et
126 2432 249 2488 ridicule
267 2430 352 2485 dicit:
377 2429 485 2483 Meros
503 2436 603 2497 crepet
620 2427 765 2494 mundos,
789 2429 941 2485 feriendus
959 2441 1006 2486 est
1018 2433 1134 2502 judicio
1153 2495 1156 2500 ,

76 2521 199 2593 Epicuri
224 2520 270 2574 vel
295 2517 479 2583 Democriti,
506 2526 536 2568 et
560 2515 718 2573 dicendum
743 2519 782 2571 ei:
811 2518 892 2572 disce
917 2520 952 2574 de
971 2520 1135 2590 Mejestste

77 2613 159 2683 loqui
178 2609 373 2665 reverentius.
407 2607 565 2660 Meriones
583 2605 703 2675 quidem
720 2606 876 2677 aliquando
891 2608 1044 2680 Principes
1059 2613 1132 2668 ello.

78 2712 210 2773 quuntur
228 2696 439 2753 irreverentius
457 2708 505 2747 sut
522 2692 659 2756 stultius,
676 2709 732 2747 uec
750 2705 848 2748 tamen
865 2712 984 2768 semper
1001 2699 1130 2771 impune.

79 2791 170 2865 Quod
188 2790 213 2844 sl
231 2791 340 2843 iaceret
357 2784 460 2856 aliquis
478 2784 550 2836 alius
567 2797 639 2835 sano
654 2776 767 2851 judicio
785 2795 814 2838 et
831 2787 946 2851 studio,
973 2788 1051 2844 forte
1069 2791 1131 2860 ple.

77 2891 209 2934 meretur
225 2877 335 2948 cupite,
351 2885 489 2944 tanquam
504 2872 600 2925 laesae
615 2871 780 2940 Msjeststis
793 2889 871 2927 reus.
904 2875 948 2930 Ite
960 2893 1029 2930 cum
1042 2879 1128 2937 dicit.

77 2970 187 3026 Petrus
207 2967 361 3022 Christum
380 2961 504 3034 appellat
523 2961 636 3028 virum,
653 2960 755 3014 Deum
773 2970 865 3030 tecet,
886 2964 1067 3024 damnandus
1084 2981 1131 3026 est

77 3061 204 3116 Arlunse
228 3055 385 3112 sententiae
409 3062 438 3105 et
458 3047 638 3118 lr‘nereseos,
663 3050 731 3122 quia
754 3051 850 3122 potuit
873 3052 935 3108 boc
957 3057 1147 3117 insidiosum

77 3150 202 3205 verbum
221 3148 248 3202 in
267 3165 299 3200 re
317 3158 433 3199 summu
450 3141 620 3211 Majestatis
637 3140 750 3194 divinae
767 3142 923 3212 omittere,
944 3146 991 3200 vel
1012 3149 1129 3218 religio.

77 3243 140 3294 sius
158 3237 250 3308 loqui.
290 3234 347 3288 Hie
373 3232 451 3286 enirn
469 3229 583 3284 Arianis
610 3229 700 3282 verbu
726 3230 840 3284 sortiter
861 3233 1041 3303 significent,
1066 3257 1128 3296 non

77 3332 215 3402 plaeere,
235 3324 387 3379 Christum
399 3323 501 3376 Deum
514 3319 586 3387 dier
605 3319 864 3390 meliusqueesse,
882 3322 1147 3386 duntaxatvirum·
1226 3344 1229 3350 ·

77 3436 145 3472 eum
149 3414 319 3489 appellari.
351 3412 509 3481 Utcunque
536 3409 653 3479 possint
677 3410 835 3464 commode
865 3412 910 3466 vel
937 3415 1126 3474 incommode

77 3505 261 3588 interpretari
280 3519 334 3574 pro
350 3501 496 3554 divinitate
515 3496 642 3564 Christi,
671 3505 766 3551 lamen
785 3509 817 3556 ut
835 3502 928 3570 posite
945 3515 1015 3561 sunt
1032 3515 1061 3561 et
1077 3524 1128 3564 so.

77 3608 164 3664 nant,
178 3593 353 3667 praesertim
365 3598 505 3658 suspecto
517 3597 634 3649 tutore,
648 3586 797 3642 offendunt
811 3589 983 3647 christianes
996 3607 1128 3678 mentes,

78 3687 146 3757 quie
163 3701 223 3739 non
242 3681 351 3736 habeut
368 3693 459 3732 unum
477 3687 506 3729 et
523 3675 689 3745 simplicem
708 3691 846 3745 sensum,
865 3690 893 3734 et
906 3685 1027 3751 pronius
1040 3686 1126 3766 putei.

76 3777 208 3846 liguntur
224 3788 278 3844 pro
296 3769 431 3835 Arianis,
453 3782 541 3837 quem
567 3781 620 3835 pro
636 3765 827 3822 orthodoxis.
862 3769 909 3824 Sic
929 3771 1126 3845 Hieronymus

78 3864 182 3920 scribit
199 3864 234 3915 de
259 3859 305 3915 sul
322 3856 432 3912 saeculi
449 3854 582 3919 Arionis,
606 3853 709 3906 eedem
726 3863 787 3908 erte
811 3856 1003 3915 docentibus.
1036 3863 1127 3946 Aliud

76 3956 240 4028 loquuntur
262 3947 452 4014 secerdotes,
476 3943 552 3999 eliud
570 3941 691 3997 audiunt
705 3944 819 4016 populi.
853 3945 1032 4009 Nihilenitn
1048 3940 1125 4030 opus

157 4044 229 4125 ult.
246 4037 305 4108 lv.
886 4044 927 4106 δι
