<?xml version="1.0" encoding="UTF-8"?>
<!DOCTYPE html PUBLIC "-//W3C//DTD XHTML 1.0 Transitional//EN"
    "http://www.w3.org/TR/xhtml1/DTD/xhtml1-transitional.dtd">
<html xmlns="http://www.w3.org/1999/xhtml" xml:lang="en" lang="en">
 <head>
  <title>
</title>
<meta http-equiv="Content-Type" content="text/html;charset=utf-8" />
  <meta name='ocr-system' content='tesseract 3.04.00' />
  <meta name='ocr-capabilities' content='ocr_page ocr_carea ocr_par ocr_line ocrx_word'/>
</head>
<body>
  <div class='ocr_page' id='page_1' title='image "./briefesendschre00luthgoog/briefesendschre00luthgoog_0059.png"; bbox 0 0 2586 4696; ppageno 0'>
   <div class='ocr_carea' id='block_1_1' title="bbox 198 330 781 402">
    <p class='ocr_par' dir='ltr' id='par_1_1' title="bbox 198 330 781 402">
     <span class='ocr_line' id='line_1_1' title="bbox 198 330 781 402; baseline 0.012 -7"><span class='ocrx_word' id='word_1_1' title='bbox 198 330 239 396; x_wconf 76' lang='lat'><strong>³2</strong></span> <span class='ocrx_word' id='word_1_2' title='bbox 686 335 781 402; x_wconf 71' lang='lat'><strong>15³0.</strong></span> 
     </span>
    </p>
   </div>
   <div class='ocr_carea' id='block_1_2' title="bbox 193 489 1268 1640">
    <p class='ocr_par' dir='ltr' id='par_1_2' title="bbox 263 489 858 564">
     <span class='ocr_line' id='line_1_2' title="bbox 263 489 858 564; baseline -0.002 -18"><span class='ocrx_word' id='word_1_3' title='bbox 263 489 383 547; x_wconf 75' lang='lat' dir='ltr'><strong>Gratias</strong></span> <span class='ocrx_word' id='word_1_4' title='bbox 401 508 456 561; x_wconf 74' lang='lat' dir='ltr'><strong>ago</strong></span> <span class='ocrx_word' id='word_1_5' title='bbox 473 505 529 564; x_wconf 87' lang='lat' dir='ltr'><strong>pro</strong></span> <span class='ocrx_word' id='word_1_6' title='bbox 546 493 730 550; x_wconf 70' lang='lat' dir='ltr'><strong>munusculis</strong></span> <span class='ocrx_word' id='word_1_7' title='bbox 746 490 858 548; x_wconf 84' lang='lat' dir='ltr'><strong>missis.</strong></span> 
     </span>
    </p>

    <p class='ocr_par' dir='ltr' id='par_1_3' title="bbox 193 577 1268 1552">
     <span class='ocr_line' id='line_1_3' title="bbox 263 577 1257 654; baseline 0.001 -22"><span class='ocrx_word' id='word_1_8' title='bbox 263 577 330 648; x_wconf 84' lang='lat' dir='ltr'><strong>Ego</strong></span> <span class='ocrx_word' id='word_1_9' title='bbox 355 595 426 635; x_wconf 87' lang='lat' dir='ltr'><strong>sane</strong></span> <span class='ocrx_word' id='word_1_10' title='bbox 450 581 479 635; x_wconf 90' lang='lat' dir='ltr'><strong>in</strong></span> <span class='ocrx_word' id='word_1_11' title='bbox 505 581 600 653; x_wconf 84' lang='lat' dir='ltr'><strong>capite</strong></span> <span class='ocrx_word' id='word_1_12' title='bbox 623 598 763 638; x_wconf 84' lang='lat' dir='ltr'><strong>susurros</strong></span> <span class='ocrx_word' id='word_1_13' title='bbox 780 594 887 654; x_wconf 84' lang='lat' dir='ltr'><strong>passus</strong></span> <span class='ocrx_word' id='word_1_14' title='bbox 910 593 977 637; x_wconf 87' lang='lat' dir='ltr'><strong>sum</strong></span> <span class='ocrx_word' id='word_1_15' title='bbox 1000 589 1069 636; x_wconf 85' lang='lat' dir='ltr'><strong>ante</strong></span> <span class='ocrx_word' id='word_1_16' title='bbox 1096 578 1257 634; x_wconf 64' lang='lat' dir='ltr'><strong>adventum</strong></span> 
     </span>
     <span class='ocr_line' id='line_1_4' title="bbox 196 662 1254 741; baseline 0 -18"><span class='ocrx_word' id='word_1_17' title='bbox 196 679 350 737; x_wconf 86' lang='lat' dir='ltr'><strong>vestrum,</strong></span> <span class='ocrx_word' id='word_1_18' title='bbox 376 671 430 726; x_wconf 88' lang='lat' dir='ltr'><strong>sed</strong></span> <span class='ocrx_word' id='word_1_19' title='bbox 452 681 551 727; x_wconf 84' lang='lat' dir='ltr'><strong>tamen</strong></span> <span class='ocrx_word' id='word_1_20' title='bbox 566 675 598 737; x_wconf 83' lang='lat'><strong>¹)</strong></span> <span class='ocrx_word' id='word_1_21' title='bbox 623 671 728 728; x_wconf 88' lang='lat' dir='ltr'><strong>melius</strong></span> <span class='ocrx_word' id='word_1_22' title='bbox 753 671 851 727; x_wconf 87' lang='lat' dir='ltr'><strong>habeo</strong></span> <span class='ocrx_word' id='word_1_23' title='bbox 868 670 930 726; x_wconf 89' lang='lat' dir='ltr'><strong>Dei</strong></span> <span class='ocrx_word' id='word_1_24' title='bbox 955 662 1065 741; x_wconf 74' lang='lat' dir='ltr'><strong>grstia,</strong></span> <span class='ocrx_word' id='word_1_25' title='bbox 1090 669 1149 725; x_wconf 85' lang='lat' dir='ltr'><strong>nisi</strong></span> <span class='ocrx_word' id='word_1_26' title='bbox 1172 666 1254 741; x_wconf 90' lang='lat' dir='ltr'><strong>quod</strong></span> 
     </span>
     <span class='ocr_line' id='line_1_5' title="bbox 196 758 1255 832; baseline 0 -19"><span class='ocrx_word' id='word_1_27' title='bbox 196 777 287 832; x_wconf 80' lang='lat' dir='ltr'><strong>parce</strong></span> <span class='ocrx_word' id='word_1_28' title='bbox 305 760 377 815; x_wconf 89' lang='lat' dir='ltr'><strong>mihi</strong></span> <span class='ocrx_word' id='word_1_29' title='bbox 401 761 596 817; x_wconf 80' lang='lat' dir='ltr'><strong>laborandum</strong></span> <span class='ocrx_word' id='word_1_30' title='bbox 621 774 651 817; x_wconf 90' lang='lat' dir='ltr'><strong>et</strong></span> <span class='ocrx_word' id='word_1_31' title='bbox 675 761 792 817; x_wconf 85' lang='lat' dir='ltr'><strong>fortiter</strong></span> <span class='ocrx_word' id='word_1_32' title='bbox 816 759 968 817; x_wconf 86' lang='lat' dir='ltr'><strong>otiandum</strong></span> <span class='ocrx_word' id='word_1_33' title='bbox 993 770 1024 818; x_wconf 84' lang='lat' dir='ltr'><strong>et</strong></span> <span class='ocrx_word' id='word_1_34' title='bbox 1039 758 1255 832; x_wconf 66' lang='lat' dir='ltr'><strong>speculandum</strong></span> 
     </span>
     <span class='ocr_line' id='line_1_6' title="bbox 197 848 1253 922; baseline 0 -18"><span class='ocrx_word' id='word_1_35' title='bbox 197 857 253 904; x_wconf 88' lang='lat' dir='ltr'><strong>est.</strong></span> <span class='ocrx_word' id='word_1_36' title='bbox 288 850 462 906; x_wconf 87' lang='lat' dir='ltr'><strong>Subtristior</strong></span> <span class='ocrx_word' id='word_1_37' title='bbox 477 851 569 906; x_wconf 91' lang='lat' dir='ltr'><strong>modo</strong></span> <span class='ocrx_word' id='word_1_38' title='bbox 588 852 628 906; x_wconf 86' lang='lat' dir='ltr'><strong>fui</strong></span> <span class='ocrx_word' id='word_1_39' title='bbox 647 851 825 922; x_wconf 85' lang='lat' dir='ltr'><strong>scribendo,</strong></span> <span class='ocrx_word' id='word_1_40' title='bbox 846 849 951 921; x_wconf 78' lang='lat' dir='ltr'><strong>accepi</strong></span> <span class='ocrx_word' id='word_1_41' title='bbox 968 850 1048 905; x_wconf 87' lang='lat' dir='ltr'><strong>enim</strong></span> <span class='ocrx_word' id='word_1_42' title='bbox 1064 850 1202 905; x_wconf 82' lang='lat' dir='ltr'><strong>nuntium</strong></span> <span class='ocrx_word' id='word_1_43' title='bbox 1217 848 1253 904; x_wconf 85' lang='lat' dir='ltr'><strong>dc</strong></span> 
     </span>
     <span class='ocr_line' id='line_1_7' title="bbox 195 937 1255 1012; baseline -0.001 -17"><span class='ocrx_word' id='word_1_44' title='bbox 195 952 294 995; x_wconf 86' lang='lat' dir='ltr'><strong>morte</strong></span> <span class='ocrx_word' id='word_1_45' title='bbox 303 940 396 1012; x_wconf 88' lang='lat' dir='ltr'><strong>patris</strong></span> <span class='ocrx_word' id='word_1_46' title='bbox 410 941 481 1007; x_wconf 90' lang='lat' dir='ltr'><strong>mei,</strong></span> <span class='ocrx_word' id='word_1_47' title='bbox 497 941 625 997; x_wconf 86' lang='lat' dir='ltr'><strong>senioris</strong></span> <span class='ocrx_word' id='word_1_48' title='bbox 642 941 718 996; x_wconf 89' lang='lat' dir='ltr'><strong>illius</strong></span> <span class='ocrx_word' id='word_1_49' title='bbox 734 940 876 1009; x_wconf 88' lang='lat' dir='ltr'><strong>Lutheri,</strong></span> <span class='ocrx_word' id='word_1_50' title='bbox 897 939 1065 996; x_wconf 79' lang='lat' dir='ltr'><strong>charissimi</strong></span> <span class='ocrx_word' id='word_1_51' title='bbox 1075 937 1255 995; x_wconf 75' lang='lat' dir='ltr'><strong>suavissimi.</strong></span> 
     </span>
     <span class='ocr_line' id='line_1_8' title="bbox 197 1028 1255 1113; baseline 0.001 -30"><span class='ocrx_word' id='word_1_52' title='bbox 197 1046 273 1100; x_wconf 86' lang='lat' dir='ltr'><strong>que:</strong></span> <span class='ocrx_word' id='word_1_53' title='bbox 291 1039 320 1085; x_wconf 90' lang='lat' dir='ltr'><strong>et</strong></span> <span class='ocrx_word' id='word_1_54' title='bbox 332 1046 503 1102; x_wconf 77' lang='lat' dir='ltr'>quanquam</span> <span class='ocrx_word' id='word_1_55' title='bbox 514 1032 601 1085; x_wconf 81' lang='lat' dir='ltr'><strong>faveo</strong></span> <span class='ocrx_word' id='word_1_56' title='bbox 613 1030 640 1084; x_wconf 87' lang='lat' dir='ltr'><strong>ei</strong></span> <span class='ocrx_word' id='word_1_57' title='bbox 653 1041 712 1085; x_wconf 86' lang='lat' dir='ltr'><strong>tam</strong></span> <span class='ocrx_word' id='word_1_58' title='bbox 724 1029 841 1084; x_wconf 79' lang='lat' dir='ltr'><strong>facilem</strong></span> <span class='ocrx_word' id='word_1_59' title='bbox 849 1039 879 1084; x_wconf 90' lang='lat' dir='ltr'><strong>et</strong></span> <span class='ocrx_word' id='word_1_60' title='bbox 887 1030 968 1113; x_wconf 80' lang='lat' dir='ltr'><strong>pium</strong></span> <span class='ocrx_word' id='word_1_61' title='bbox 978 1030 1007 1085; x_wconf 90' lang='lat' dir='ltr'><strong>in</strong></span> <span class='ocrx_word' id='word_1_62' title='bbox 1016 1029 1140 1084; x_wconf 85' lang='lat' dir='ltr'><strong>Christo</strong></span> <span class='ocrx_word' id='word_1_63' title='bbox 1150 1028 1255 1084; x_wconf 79' lang='lat' dir='ltr'><strong>transi.</strong></span> 
     </span>
     <span class='ocr_line' id='line_1_9' title="bbox 195 1119 1268 1192; baseline 0.002 -20"><span class='ocrx_word' id='word_1_64' title='bbox 195 1128 259 1173; x_wconf 87' lang='lat' dir='ltr'><strong>tum</strong></span> <span class='ocrx_word' id='word_1_65' title='bbox 268 1160 278 1188; x_wconf 90' lang='lat'><strong>,</strong></span> <span class='ocrx_word' id='word_1_66' title='bbox 305 1130 338 1175; x_wconf 86' lang='lat' dir='ltr'><strong>ut</strong></span> <span class='ocrx_word' id='word_1_67' title='bbox 362 1120 503 1174; x_wconf 86' lang='lat' dir='ltr'><strong>liberatus</strong></span> <span class='ocrx_word' id='word_1_68' title='bbox 529 1119 565 1174; x_wconf 86' lang='lat' dir='ltr'><strong>ab</strong></span> <span class='ocrx_word' id='word_1_69' title='bbox 590 1119 637 1174; x_wconf 86' lang='lat' dir='ltr'><strong>his</strong></span> <span class='ocrx_word' id='word_1_70' title='bbox 663 1120 749 1174; x_wconf 81' lang='lat' dir='ltr'><strong>furiis</strong></span> <span class='ocrx_word' id='word_1_71' title='bbox 773 1130 804 1175; x_wconf 87' lang='lat' dir='ltr'><strong>et</strong></span> <span class='ocrx_word' id='word_1_72' title='bbox 828 1120 1094 1175; x_wconf 84' lang='lat' dir='ltr'><strong>monstrismuudi</strong></span> <span class='ocrx_word' id='word_1_73' title='bbox 1124 1120 1156 1174; x_wconf 88' lang='lat' dir='ltr'><strong>in</strong></span> <span class='ocrx_word' id='word_1_74' title='bbox 1181 1126 1268 1192; x_wconf 80' lang='lat' dir='ltr'><strong>pacs&#39;</strong></span> 
     </span>
     <span class='ocr_line' id='line_1_10' title="bbox 195 1208 1252 1282; baseline 0.001 -18"><span class='ocrx_word' id='word_1_75' title='bbox 195 1210 350 1281; x_wconf 86' lang='lat' dir='ltr'><strong>quiescat,</strong></span> <span class='ocrx_word' id='word_1_76' title='bbox 367 1219 465 1264; x_wconf 80' lang='lat' dir='ltr'><strong>tamen</strong></span> <span class='ocrx_word' id='word_1_77' title='bbox 482 1210 597 1265; x_wconf 79' lang='lat' dir='ltr'><strong>viscera</strong></span> <span class='ocrx_word' id='word_1_78' title='bbox 609 1227 676 1264; x_wconf 85' lang='lat' dir='ltr'><strong>mea</strong></span> <span class='ocrx_word' id='word_1_79' title='bbox 692 1210 826 1266; x_wconf 88' lang='lat' dir='ltr'><strong>nonnihil</strong></span> <span class='ocrx_word' id='word_1_80' title='bbox 843 1220 1085 1265; x_wconf 83' lang='lat' dir='ltr'><strong>commorentur.</strong></span> <span class='ocrx_word' id='word_1_81' title='bbox 1118 1208 1171 1267; x_wconf 81' lang='lat' dir='ltr'><strong>Ex</strong></span> <span class='ocrx_word' id='word_1_82' title='bbox 1188 1210 1252 1282; x_wconf 87' lang='lat' dir='ltr'><strong>ipso</strong></span> 
     </span>
     <span class='ocr_line' id='line_1_11' title="bbox 195 1298 1253 1356; baseline 0 -2"><span class='ocrx_word' id='word_1_83' title='bbox 195 1299 275 1355; x_wconf 85' lang='lat' dir='ltr'><strong>enim</strong></span> <span class='ocrx_word' id='word_1_84' title='bbox 292 1300 371 1356; x_wconf 82' lang='lat' dir='ltr'><strong>dedit</strong></span> <span class='ocrx_word' id='word_1_85' title='bbox 387 1298 460 1355; x_wconf 90' lang='lat' dir='ltr'><strong>mihi</strong></span> <span class='ocrx_word' id='word_1_86' title='bbox 471 1300 560 1356; x_wconf 89' lang='lat' dir='ltr'><strong>Deus</strong></span> <span class='ocrx_word' id='word_1_87' title='bbox 576 1300 667 1356; x_wconf 87' lang='lat' dir='ltr'><strong>vitam</strong></span> <span class='ocrx_word' id='word_1_88' title='bbox 684 1312 714 1355; x_wconf 88' lang='lat' dir='ltr'><strong>et</strong></span> <span class='ocrx_word' id='word_1_89' title='bbox 730 1300 947 1355; x_wconf 81' lang='lat' dir='ltr'><strong>educationem.</strong></span> <span class='ocrx_word' id='word_1_90' title='bbox 982 1299 1158 1356; x_wconf 82' lang='lat' dir='ltr'><strong>GratiaDei</strong></span> <span class='ocrx_word' id='word_1_91' title='bbox 1176 1315 1253 1356; x_wconf 75' lang='lat' dir='ltr'><strong>sem.</strong></span> 
     </span>
     <span class='ocr_line' id='line_1_12' title="bbox 193 1389 1253 1462; baseline 0.002 -19"><span class='ocrx_word' id='word_1_92' title='bbox 193 1406 250 1461; x_wconf 89' lang='lat' dir='ltr'><strong>per</strong></span> <span class='ocrx_word' id='word_1_93' title='bbox 261 1399 381 1458; x_wconf 87' lang='lat' dir='ltr'><strong>tecum,</strong></span> <span class='ocrx_word' id='word_1_94' title='bbox 399 1393 507 1445; x_wconf 80' lang='lat' dir='ltr'><strong>Amen.</strong></span> <span class='ocrx_word' id='word_1_95' title='bbox 541 1389 636 1444; x_wconf 82' lang='lat' dir='ltr'><strong>Saluta</strong></span> <span class='ocrx_word' id='word_1_96' title='bbox 649 1389 858 1461; x_wconf 77' lang='lat' dir='ltr'><strong>Spenglerum,</strong></span> <span class='ocrx_word' id='word_1_97' title='bbox 876 1389 923 1444; x_wconf 91' lang='lat' dir='ltr'><strong>cui</strong></span> <span class='ocrx_word' id='word_1_98' title='bbox 936 1389 1111 1462; x_wconf 82' lang='lat' dir='ltr'><strong>propediem</strong></span> <span class='ocrx_word' id='word_1_99' title='bbox 1125 1389 1253 1446; x_wconf 79' lang='lat' dir='ltr'><strong>scribam</strong></span> 
     </span>
     <span class='ocr_line' id='line_1_13' title="bbox 193 1477 985 1552; baseline -0.001 -18"><span class='ocrx_word' id='word_1_100' title='bbox 193 1478 299 1534; x_wconf 80' lang='lat' dir='ltr'><strong>laetior</strong></span> <span class='ocrx_word' id='word_1_101' title='bbox 316 1480 423 1534; x_wconf 80' lang='lat' dir='ltr'><strong>factus.</strong></span> <span class='ocrx_word' id='word_1_102' title='bbox 456 1479 525 1552; x_wconf 89' lang='lat' dir='ltr'><strong>Ipso</strong></span> <span class='ocrx_word' id='word_1_103' title='bbox 543 1479 590 1533; x_wconf 90' lang='lat' dir='ltr'><strong>die</strong></span> <span class='ocrx_word' id='word_1_104' title='bbox 606 1477 800 1546; x_wconf 86' lang='lat' dir='ltr'><strong>Pentecost.,</strong></span> <span class='ocrx_word' id='word_1_105' title='bbox 816 1478 985 1535; x_wconf 79' lang='lat' dir='ltr'>MDXXX.</span> 
     </span>
    </p>

    <p class='ocr_par' dir='ltr' id='par_1_4' title="bbox 259 1567 1253 1640">
     <span class='ocr_line' id='line_1_14' title="bbox 259 1567 1253 1640; baseline 0 -16"><span class='ocrx_word' id='word_1_106' title='bbox 259 1567 330 1624; x_wconf 87' lang='lat' dir='ltr'><strong>Nos</strong></span> <span class='ocrx_word' id='word_1_107' title='bbox 347 1568 420 1624; x_wconf 90' lang='lat' dir='ltr'><strong>hinc</strong></span> <span class='ocrx_word' id='word_1_108' title='bbox 436 1569 540 1623; x_wconf 91' lang='lat' dir='ltr'><strong>locum</strong></span> <span class='ocrx_word' id='word_1_109' title='bbox 556 1567 736 1624; x_wconf 86' lang='lat' dir='ltr'><strong>mutabimus</strong></span> <span class='ocrx_word' id='word_1_110' title='bbox 752 1568 786 1635; x_wconf 74' lang='lat'><strong>²)</strong></span> <span class='ocrx_word' id='word_1_111' title='bbox 809 1577 933 1639; x_wconf 86' lang='lat' dir='ltr'><strong>propter</strong></span> <span class='ocrx_word' id='word_1_112' title='bbox 947 1567 1145 1640; x_wconf 80' lang='lat' dir='ltr'><strong>frequentiam</strong></span> <span class='ocrx_word' id='word_1_113' title='bbox 1166 1583 1253 1624; x_wconf 80' lang='lat' dir='ltr'><strong>nece.</strong></span> 
     </span>
    </p>
   </div>
   <div class='ocr_carea' id='block_1_3' title="bbox 193 1657 1252 1730">
    <p class='ocr_par' dir='ltr' id='par_1_5' title="bbox 193 1657 1252 1730">
     <span class='ocr_line' id='line_1_15' title="bbox 193 1657 1252 1730; baseline -0.001 -17"><span class='ocrx_word' id='word_1_114' title='bbox 193 1659 341 1728; x_wconf 84' lang='lat' dir='ltr'><strong>dentium,</strong></span> <span class='ocrx_word' id='word_1_115' title='bbox 358 1674 424 1714; x_wconf 81' lang='lat' dir='ltr'><strong>cras</strong></span> <span class='ocrx_word' id='word_1_116' title='bbox 439 1658 561 1717; x_wconf 86' lang='lat' dir='ltr'><strong>moturi.</strong></span> <span class='ocrx_word' id='word_1_117' title='bbox 594 1658 661 1714; x_wconf 83' lang='lat' dir='ltr'><strong>Fuit</strong></span> <span class='ocrx_word' id='word_1_118' title='bbox 676 1657 756 1712; x_wconf 80' lang='lat' dir='ltr'><strong>enim</strong></span> <span class='ocrx_word' id='word_1_119' title='bbox 773 1657 851 1730; x_wconf 86' lang='lat' dir='ltr'><strong>spud</strong></span> <span class='ocrx_word' id='word_1_120' title='bbox 865 1674 923 1713; x_wconf 83' lang='lat' dir='ltr'><strong>nos</strong></span> <span class='ocrx_word' id='word_1_121' title='bbox 939 1657 982 1713; x_wconf 91' lang='lat' dir='ltr'><strong>D.</strong></span> <span class='ocrx_word' id='word_1_122' title='bbox 996 1658 1109 1729; x_wconf 77' lang='lat' dir='ltr'><strong>Argula</strong></span> <span class='ocrx_word' id='word_1_123' title='bbox 1125 1675 1142 1714; x_wconf 84' lang='lat' dir='ltr'><strong>a</strong></span> <span class='ocrx_word' id='word_1_124' title='bbox 1158 1660 1252 1715; x_wconf 76' lang='lat' dir='ltr'><strong>Staut‘.</strong></span> 
     </span>
    </p>
   </div>
   <div class='ocr_carea' id='block_1_4' title="bbox 130 1745 1252 1910">
    <p class='ocr_par' dir='ltr' id='par_1_6' title="bbox 130 1745 1252 1910">
     <span class='ocr_line' id='line_1_16' title="bbox 130 1745 1252 1834; baseline 0.002 -30"><span class='ocrx_word' id='word_1_125' title='bbox 130 1788 134 1795; x_wconf 83' lang='lat'><strong>.</strong></span> <span class='ocrx_word' id='word_1_126' title='bbox 193 1751 262 1834; x_wconf 81' lang='lat' dir='ltr'><strong>fen,</strong></span> <span class='ocrx_word' id='word_1_127' title='bbox 289 1760 319 1804; x_wconf 83' lang='lat' dir='ltr'><strong>et</strong></span> <span class='ocrx_word' id='word_1_128' title='bbox 335 1749 418 1805; x_wconf 81' lang='lat' dir='ltr'><strong>Hans</strong></span> <span class='ocrx_word' id='word_1_129' title='bbox 434 1748 570 1805; x_wconf 82' lang='lat' dir='ltr'><strong>Reineck</strong></span> <span class='ocrx_word' id='word_1_130' title='bbox 587 1765 603 1802; x_wconf 86' lang='lat' dir='ltr'><strong>a</strong></span> <span class='ocrx_word' id='word_1_131' title='bbox 619 1746 783 1802; x_wconf 80' lang='lat' dir='ltr'><strong>Mansfeld.</strong></span> <span class='ocrx_word' id='word_1_132' title='bbox 817 1745 875 1807; x_wconf 62' lang='lat' dir='ltr'><strong>mle</strong></span> <span class='ocrx_word' id='word_1_133' title='bbox 890 1745 1039 1817; x_wconf 63' lang='lat' dir='ltr'><strong>wulfelm</strong></span> <span class='ocrx_word' id='word_1_134' title='bbox 1054 1747 1112 1808; x_wconf 68' lang='lat' dir='ltr'><strong>will</strong></span> <span class='ocrx_word' id='word_1_135' title='bbox 1135 1760 1168 1820; x_wconf 65' lang='lat' dir='ltr'><strong>tlt</strong></span> <span class='ocrx_word' id='word_1_136' title='bbox 1185 1745 1252 1822; x_wconf 63' lang='lat' dir='ltr'><strong>m!</strong></span> 
     </span>
     <span class='ocr_line' id='line_1_17' title="bbox 192 1833 857 1910; baseline -0.008 -12"><span class='ocrx_word' id='word_1_137' title='bbox 192 1840 296 1900; x_wconf 73' lang='lat' dir='ltr'><strong>uestro</strong></span> <span class='ocrx_word' id='word_1_138' title='bbox 312 1838 411 1906; x_wconf 63' lang='lat' dir='ltr'><strong>diruet.</strong></span> <span class='ocrx_word' id='word_1_139' title='bbox 443 1837 617 1910; x_wconf 85' lang='lat' dir='ltr'><strong>Principem</strong></span> <span class='ocrx_word' id='word_1_140' title='bbox 633 1833 666 1904; x_wconf 85' lang='lat'><strong>³)</strong></span> <span class='ocrx_word' id='word_1_141' title='bbox 682 1835 857 1893; x_wconf 75' lang='lat' dir='ltr'><strong>offenderet.</strong></span> 
     </span>
    </p>
   </div>
   <div class='ocr_carea' id='block_1_5' title="bbox 223 2167 1217 2240">
    <p class='ocr_par' dir='ltr' id='par_1_7' title="bbox 223 2167 1217 2240">
     <span class='ocr_line' id='line_1_18' title="bbox 223 2167 1217 2240; baseline 0.004 -14"><span class='ocrx_word' id='word_1_142' title='bbox 223 2175 250 2230; x_wconf 82' lang='lat' dir='ltr'><strong>s.</strong></span> <span class='ocrx_word' id='word_1_143' title='bbox 267 2168 415 2240; x_wconf 64' lang='lat' dir='ltr'><strong>suntet.</strong></span> <span class='ocrx_word' id='word_1_144' title='bbox 969 2167 1028 2226; x_wconf 78' lang='grc' dir='ltr'><strong>Νῠ.</strong></span> <span class='ocrx_word' id='word_1_145' title='bbox 1045 2168 1217 2230; x_wconf 76' lang='lat' dir='ltr'><strong>Mccm</strong></span> 
     </span>
    </p>
   </div>
   <div class='ocr_carea' id='block_1_6' title="bbox 535 2301 902 2381">
    <p class='ocr_par' dir='ltr' id='par_1_8' title="bbox 535 2301 902 2381">
     <span class='ocr_line' id='line_1_19' title="bbox 535 2301 902 2381; baseline -0.011 -7"><span class='ocrx_word' id='word_1_146' title='bbox 535 2301 584 2374; x_wconf 72' lang='lat' dir='ltr'><strong>ltu</strong></span> <span class='ocrx_word' id='word_1_147' title='bbox 614 2301 902 2381; x_wconf 69' lang='lat' dir='ltr'><strong>ultioudrtot.</strong></span> 
     </span>
    </p>
   </div>
   <div class='ocr_carea' id='block_1_7' title="bbox 190 2443 1249 2573">
    <p class='ocr_par' dir='ltr' id='par_1_9' title="bbox 190 2443 1249 2573">
     <span class='ocr_line' id='line_1_20' title="bbox 190 2443 1249 2502; baseline -0.001 -7"><span class='ocrx_word' id='word_1_148' title='bbox 190 2447 215 2495; x_wconf 74' lang='lat' dir='ltr'><strong>u.</strong></span> <span class='ocrx_word' id='word_1_149' title='bbox 229 2443 318 2502; x_wconf 72' lang='lat' dir='ltr'><strong>tettast</strong></span> <span class='ocrx_word' id='word_1_150' title='bbox 332 2444 371 2498; x_wconf 72' lang='lat' dir='ltr'><strong>tto</strong></span> <span class='ocrx_word' id='word_1_151' title='bbox 385 2443 440 2493; x_wconf 75' lang='lat' dir='ltr'><strong>unu</strong></span> <span class='ocrx_word' id='word_1_152' title='bbox 453 2444 526 2498; x_wconf 71' lang='lat' dir='ltr'><strong>tuuc</strong></span> <span class='ocrx_word' id='word_1_153' title='bbox 538 2445 643 2500; x_wconf 61' lang='lat' dir='ltr'><strong>suante</strong></span> <span class='ocrx_word' id='word_1_154' title='bbox 656 2445 682 2493; x_wconf 85' lang='lat' dir='ltr'><strong>tu</strong></span> <span class='ocrx_word' id='word_1_155' title='bbox 696 2444 822 2500; x_wconf 69' lang='lat' dir='ltr'><strong>uuesturn</strong></span> <span class='ocrx_word' id='word_1_156' title='bbox 832 2443 1034 2502; x_wconf 65' lang='lat' dir='ltr'><strong>eutromius,</strong></span> <span class='ocrx_word' id='word_1_157' title='bbox 1047 2446 1132 2497; x_wconf 75' lang='lat' dir='ltr'><strong>usust</strong></span> <span class='ocrx_word' id='word_1_158' title='bbox 1143 2447 1188 2499; x_wconf 70' lang='lat' dir='ltr'><strong>ser</strong></span> <span class='ocrx_word' id='word_1_159' title='bbox 1200 2447 1249 2500; x_wconf 74' lang='lat' dir='ltr'><strong>tes</strong></span> 
     </span>
     <span class='ocr_line' id='line_1_21' title="bbox 570 2518 864 2573; baseline 0.007 -8"><span class='ocrx_word' id='word_1_160' title='bbox 570 2518 645 2573; x_wconf 76' lang='lat' dir='ltr'><strong>fetuel</strong></span> <span class='ocrx_word' id='word_1_161' title='bbox 657 2519 746 2569; x_wconf 62' lang='lat' dir='ltr'><strong>uteret</strong></span> <span class='ocrx_word' id='word_1_162' title='bbox 760 2529 784 2565; x_wconf 85' lang='lat' dir='ltr'><strong>u</strong></span> <span class='ocrx_word' id='word_1_163' title='bbox 797 2529 819 2566; x_wconf 77' lang='lat' dir='ltr'><strong>a.</strong></span> <span class='ocrx_word' id='word_1_164' title='bbox 833 2527 864 2567; x_wconf 82' lang='lat' dir='ltr'><strong>m.</strong></span> 
     </span>
    </p>
   </div>
   <div class='ocr_carea' id='block_1_8' title="bbox 248 2733 1188 2799">
    <p class='ocr_par' dir='ltr' id='par_1_10' title="bbox 248 2733 1188 2799">
     <span class='ocr_line' id='line_1_22' title="bbox 248 2733 1188 2799; baseline 0.003 -12"><span class='ocrx_word' id='word_1_165' title='bbox 248 2738 301 2787; x_wconf 61' lang='lat' dir='ltr'><strong>tut</strong></span> <span class='ocrx_word' id='word_1_166' title='bbox 314 2738 492 2792; x_wconf 70' lang='lat' dir='ltr'><strong>stutifotm</strong></span> <span class='ocrx_word' id='word_1_167' title='bbox 506 2735 665 2794; x_wconf 66' lang='lat' dir='ltr'><strong>unestrudtrt</strong></span> <span class='ocrx_word' id='word_1_168' title='bbox 678 2739 826 2795; x_wconf 66' lang='lat' dir='ltr'><strong>&amp;tumtum</strong></span> <span class='ocrx_word' id='word_1_169' title='bbox 839 2739 857 2789; x_wconf 80' lang='lat' dir='ltr'><strong>f.</strong></span> <span class='ocrx_word' id='word_1_170' title='bbox 869 2739 902 2788; x_wconf 62' lang='lat'><strong>2&amp;</strong></span> <span class='ocrx_word' id='word_1_171' title='bbox 917 2739 957 2794; x_wconf 73' lang='lat' dir='ltr'><strong>beo</strong></span> <span class='ocrx_word' id='word_1_172' title='bbox 970 2733 1083 2799; x_wconf 58' lang='lat' dir='ltr'><strong>&amp;dilus</strong></span> <span class='ocrx_word' id='word_1_173' title='bbox 1095 2740 1126 2789; x_wconf 91' lang='lat' dir='ltr'><strong>ll.</strong></span> <span class='ocrx_word' id='word_1_174' title='bbox 1138 2741 1188 2793; x_wconf 72' lang='lat' dir='ltr'><strong>tlt.</strong></span> 
     </span>
    </p>
   </div>
   <div class='ocr_carea' id='block_1_9' title="bbox 128 2871 1246 3806">
    <p class='ocr_par' dir='ltr' id='par_1_11' title="bbox 128 2871 1246 3806">
     <span class='ocr_line' id='line_1_23' title="bbox 188 2871 1246 2994; baseline 0.007 -22"><span class='ocrx_word' id='word_1_175' title='bbox 188 2871 336 2974; x_wconf 78' lang='lat' dir='ltr'><strong>Gratiam</strong></span> <span class='ocrx_word' id='word_1_176' title='bbox 359 2929 390 2975; x_wconf 89' lang='lat' dir='ltr'><strong>et</strong></span> <span class='ocrx_word' id='word_1_177' title='bbox 412 2936 519 2993; x_wconf 81' lang='lat' dir='ltr'><strong>pacem</strong></span> <span class='ocrx_word' id='word_1_178' title='bbox 545 2920 574 2975; x_wconf 92' lang='lat' dir='ltr'><strong>in</strong></span> <span class='ocrx_word' id='word_1_179' title='bbox 600 2920 732 2976; x_wconf 88' lang='lat' dir='ltr'><strong>Christo.</strong></span> <span class='ocrx_word' id='word_1_180' title='bbox 765 2920 877 2994; x_wconf 82' lang='lat' dir='ltr'><strong>Scripsi</strong></span> <span class='ocrx_word' id='word_1_181' title='bbox 900 2919 1047 2994; x_wconf 86' lang='lat' dir='ltr'><strong>proximis</strong></span> <span class='ocrx_word' id='word_1_182' title='bbox 1070 2921 1183 2993; x_wconf 82' lang='lat' dir='ltr'><strong>literis,</strong></span> <span class='ocrx_word' id='word_1_183' title='bbox 1206 2919 1246 2979; x_wconf 85' lang='lat' dir='ltr'><strong>mi</strong></span> 
     </span>
     <span class='ocr_line' id='line_1_24' title="bbox 186 3006 1245 3082; baseline 0.002 -18"><span class='ocrx_word' id='word_1_184' title='bbox 186 3006 342 3080; x_wconf 86' lang='lat' dir='ltr'><strong>Philippe,</strong></span> <span class='ocrx_word' id='word_1_185' title='bbox 359 3026 415 3065; x_wconf 90' lang='lat' dir='ltr'><strong>nos</strong></span> <span class='ocrx_word' id='word_1_186' title='bbox 434 3025 520 3079; x_wconf 78' lang='lat' dir='ltr'><strong>aegre</strong></span> <span class='ocrx_word' id='word_1_187' title='bbox 532 3009 627 3077; x_wconf 77' lang='lat' dir='ltr'><strong>ferre,</strong></span> <span class='ocrx_word' id='word_1_188' title='bbox 642 3011 723 3082; x_wconf 93' lang='lat' dir='ltr'><strong>quod</strong></span> <span class='ocrx_word' id='word_1_189' title='bbox 735 3026 864 3065; x_wconf 87' lang='lat' dir='ltr'><strong>vacuum</strong></span> <span class='ocrx_word' id='word_1_190' title='bbox 875 3011 1012 3066; x_wconf 83' lang='lat' dir='ltr'><strong>nuntium</strong></span> <span class='ocrx_word' id='word_1_191' title='bbox 1030 3011 1065 3066; x_wconf 81' lang='lat' dir='ltr'><strong>ud</strong></span> <span class='ocrx_word' id='word_1_192' title='bbox 1076 3026 1134 3068; x_wconf 90' lang='lat' dir='ltr'><strong>nos</strong></span> <span class='ocrx_word' id='word_1_193' title='bbox 1148 3013 1245 3069; x_wconf 80' lang='lat' dir='ltr'><strong>redire</strong></span> 
     </span>
     <span class='ocr_line' id='line_1_25' title="bbox 186 3099 1245 3181; baseline 0.004 -26"><span class='ocrx_word' id='word_1_194' title='bbox 186 3100 380 3170; x_wconf 84' lang='lat' dir='ltr'><strong>permiseritis</strong></span> <span class='ocrx_word' id='word_1_195' title='bbox 386 3139 396 3168; x_wconf 91' lang='lat'><strong>,</strong></span> <span class='ocrx_word' id='word_1_196' title='bbox 414 3115 483 3153; x_wconf 90' lang='lat' dir='ltr'><strong>cum</strong></span> <span class='ocrx_word' id='word_1_197' title='bbox 497 3109 542 3154; x_wconf 86' lang='lat' dir='ltr'><strong>tor</strong></span> <span class='ocrx_word' id='word_1_198' title='bbox 553 3099 635 3167; x_wconf 84' lang='lat' dir='ltr'><strong>sitis,</strong></span> <span class='ocrx_word' id='word_1_199' title='bbox 652 3112 682 3154; x_wconf 82' lang='lat' dir='ltr'><strong>er</strong></span> <span class='ocrx_word' id='word_1_200' title='bbox 699 3116 805 3157; x_wconf 87' lang='lat' dir='ltr'><strong>omnes</strong></span> <span class='ocrx_word' id='word_1_201' title='bbox 818 3102 881 3155; x_wconf 84' lang='lat' dir='ltr'><strong>fere</strong></span> <span class='ocrx_word' id='word_1_202' title='bbox 892 3101 1054 3157; x_wconf 83' lang='lat' dir='ltr'><strong>scribaces.</strong></span> <span class='ocrx_word' id='word_1_203' title='bbox 1086 3102 1160 3158; x_wconf 78' lang='lat' dir='ltr'><strong>dam</strong></span> <span class='ocrx_word' id='word_1_204' title='bbox 1173 3103 1245 3181; x_wconf 71' lang='lat' dir='ltr'><strong>alte.</strong></span> 
     </span>
     <span class='ocr_line' id='line_1_26' title="bbox 128 3190 1244 3267; baseline 0.004 -21"><span class='ocrx_word' id='word_1_205' title='bbox 128 3200 132 3227; x_wconf 59' lang='lat'><strong>1‘</strong></span> <span class='ocrx_word' id='word_1_206' title='bbox 185 3206 252 3246; x_wconf 83' lang='lat' dir='ltr'><strong>rum</strong></span> <span class='ocrx_word' id='word_1_207' title='bbox 265 3193 417 3258; x_wconf 84' lang='lat' dir='ltr'><strong>nuntium,</strong></span> <span class='ocrx_word' id='word_1_208' title='bbox 433 3206 527 3261; x_wconf 85' lang='lat' dir='ltr'><strong>aeque</strong></span> <span class='ocrx_word' id='word_1_209' title='bbox 541 3205 666 3243; x_wconf 86' lang='lat' dir='ltr'><strong>vacuum</strong></span> <span class='ocrx_word' id='word_1_210' title='bbox 680 3190 774 3245; x_wconf 89' lang='lat' dir='ltr'><strong>redire</strong></span> <span class='ocrx_word' id='word_1_211' title='bbox 787 3190 982 3262; x_wconf 85' lang='lat' dir='ltr'><strong>permisistis,</strong></span> <span class='ocrx_word' id='word_1_212' title='bbox 1001 3191 1133 3263; x_wconf 88' lang='lat' dir='ltr'><strong>priorem</strong></span> <span class='ocrx_word' id='word_1_213' title='bbox 1147 3194 1244 3267; x_wconf 77' lang='lat' dir='ltr'><strong>Apelli</strong></span> 
     </span>
     <span class='ocr_line' id='line_1_27' title="bbox 186 3279 1244 3352; baseline 0.006 -17"><span class='ocrx_word' id='word_1_214' title='bbox 186 3279 337 3348; x_wconf 85' lang='lat' dir='ltr'><strong>nuntium,</strong></span> <span class='ocrx_word' id='word_1_215' title='bbox 362 3279 445 3334; x_wconf 90' lang='lat' dir='ltr'><strong>hunc</strong></span> <span class='ocrx_word' id='word_1_216' title='bbox 461 3295 535 3333; x_wconf 81' lang='lat' dir='ltr'><strong>vero</strong></span> <span class='ocrx_word' id='word_1_217' title='bbox 552 3287 707 3334; x_wconf 88' lang='lat' dir='ltr'><strong>vectorem</strong></span> <span class='ocrx_word' id='word_1_218' title='bbox 725 3280 834 3334; x_wconf 84' lang='lat' dir='ltr'><strong>ferinae</strong></span> <span class='ocrx_word' id='word_1_219' title='bbox 853 3280 1064 3349; x_wconf 82' lang='lat' dir='ltr'><strong>Coburgensis.</strong></span> <span class='ocrx_word' id='word_1_220' title='bbox 1097 3281 1166 3352; x_wconf 76' lang='lat' dir='ltr'><strong>Ego</strong></span> <span class='ocrx_word' id='word_1_221' title='bbox 1183 3301 1244 3341; x_wconf 85' lang='lat' dir='ltr'><strong>nou</strong></span> 
     </span>
     <span class='ocr_line' id='line_1_28' title="bbox 186 3368 1242 3443; baseline 0.004 -18"><span class='ocrx_word' id='word_1_222' title='bbox 186 3370 257 3425; x_wconf 78' lang='lat' dir='ltr'><strong>satis</strong></span> <span class='ocrx_word' id='word_1_223' title='bbox 270 3385 396 3440; x_wconf 87' lang='lat' dir='ltr'><strong>possum</strong></span> <span class='ocrx_word' id='word_1_224' title='bbox 407 3368 554 3439; x_wconf 80' lang='lat' dir='ltr'><strong>cogitare,</strong></span> <span class='ocrx_word' id='word_1_225' title='bbox 571 3385 607 3423; x_wconf 86' lang='lat' dir='ltr'><strong>sn</strong></span> <span class='ocrx_word' id='word_1_226' title='bbox 619 3368 682 3423; x_wconf 85' lang='lat' dir='ltr'><strong>sitis</strong></span> <span class='ocrx_word' id='word_1_227' title='bbox 694 3379 753 3423; x_wconf 83' lang='lat' dir='ltr'><strong>tom</strong></span> <span class='ocrx_word' id='word_1_228' title='bbox 764 3370 962 3439; x_wconf 78' lang='lat' dir='ltr'><strong>negligentes,</strong></span> <span class='ocrx_word' id='word_1_229' title='bbox 981 3370 1029 3425; x_wconf 88' lang='lat' dir='ltr'><strong>vel</strong></span> <span class='ocrx_word' id='word_1_230' title='bbox 1043 3371 1242 3443; x_wconf 77' lang='lat' dir='ltr'><strong>indignantes,</strong></span> 
     </span>
     <span class='ocr_line' id='line_1_29' title="bbox 184 3458 1243 3532; baseline 0.005 -17"><span class='ocrx_word' id='word_1_231' title='bbox 184 3476 254 3515; x_wconf 88' lang='lat' dir='ltr'><strong>cum</strong></span> <span class='ocrx_word' id='word_1_232' title='bbox 271 3460 389 3529; x_wconf 83' lang='lat' dir='ltr'><strong>sciatis,</strong></span> <span class='ocrx_word' id='word_1_233' title='bbox 414 3476 471 3516; x_wconf 84' lang='lat' dir='ltr'><strong>uos</strong></span> <span class='ocrx_word' id='word_1_234' title='bbox 497 3459 526 3513; x_wconf 91' lang='lat' dir='ltr'><strong>in</strong></span> <span class='ocrx_word' id='word_1_235' title='bbox 543 3458 605 3514; x_wconf 89' lang='lat' dir='ltr'><strong>hoc</strong></span> <span class='ocrx_word' id='word_1_236' title='bbox 625 3475 745 3528; x_wconf 87' lang='lat' dir='ltr'><strong>eremo,</strong></span> <span class='ocrx_word' id='word_1_237' title='bbox 767 3461 897 3514; x_wconf 86' lang='lat' dir='ltr'><strong>velutin</strong></span> <span class='ocrx_word' id='word_1_238' title='bbox 914 3471 993 3516; x_wconf 85' lang='lat' dir='ltr'><strong>terra</strong></span> <span class='ocrx_word' id='word_1_239' title='bbox 1010 3461 1137 3532; x_wconf 78' lang='lat' dir='ltr'><strong>sitienti,</strong></span> <span class='ocrx_word' id='word_1_240' title='bbox 1162 3463 1243 3519; x_wconf 74' lang='lat' dir='ltr'><strong>hints</strong></span> 
     </span>
     <span class='ocr_line' id='line_1_30' title="bbox 141 3550 1243 3623; baseline 0.005 -17"><span class='ocrx_word' id='word_1_241' title='bbox 141 3616 144 3623; x_wconf 32' lang='grc' dir='ltr'>Ι</span> <span class='ocrx_word' id='word_1_242' title='bbox 184 3552 221 3607; x_wconf 90' lang='lat' dir='ltr'><strong>ad</strong></span> <span class='ocrx_word' id='word_1_243' title='bbox 237 3556 353 3607; x_wconf 79' lang='lat' dir='ltr'><strong>vestros</strong></span> <span class='ocrx_word' id='word_1_244' title='bbox 369 3551 484 3617; x_wconf 86' lang='lat' dir='ltr'><strong>literas,</strong></span> <span class='ocrx_word' id='word_1_245' title='bbox 496 3564 541 3606; x_wconf 77' lang='lat' dir='ltr'><strong>&#39;ex</strong></span> <span class='ocrx_word' id='word_1_246' title='bbox 559 3550 668 3622; x_wconf 85' lang='lat' dir='ltr'><strong>quibus</strong></span> <span class='ocrx_word' id='word_1_247' title='bbox 686 3567 904 3618; x_wconf 85' lang='lat' dir='ltr'><strong>cognoscamus</strong></span> <span class='ocrx_word' id='word_1_248' title='bbox 920 3563 1021 3608; x_wconf 85' lang='lat' dir='ltr'><strong>vestra</strong></span> <span class='ocrx_word' id='word_1_249' title='bbox 1037 3554 1148 3611; x_wconf 85' lang='lat' dir='ltr'><strong>omnia.</strong></span> <span class='ocrx_word' id='word_1_250' title='bbox 1183 3558 1243 3611; x_wconf 78' lang='lat' dir='ltr'><strong>Au.</strong></span> 
     </span>
     <span class='ocr_line' id='line_1_31' title="bbox 183 3639 1241 3710; baseline 0.004 -13"><span class='ocrx_word' id='word_1_251' title='bbox 183 3641 311 3697; x_wconf 85' lang='lat' dir='ltr'><strong>divimus</strong></span> <span class='ocrx_word' id='word_1_252' title='bbox 337 3656 426 3707; x_wconf 88' lang='lat' dir='ltr'><strong>sane,</strong></span> <span class='ocrx_word' id='word_1_253' title='bbox 453 3639 610 3694; x_wconf 81' lang='lat' dir='ltr'><strong>Caesarem</strong></span> <span class='ocrx_word' id='word_1_254' title='bbox 626 3640 864 3708; x_wconf 84' lang='lat' dir='ltr'><strong>Augustensibus</strong></span> <span class='ocrx_word' id='word_1_255' title='bbox 884 3642 1059 3710; x_wconf 87' lang='lat' dir='ltr'><strong>mandasse,</strong></span> <span class='ocrx_word' id='word_1_256' title='bbox 1085 3655 1117 3698; x_wconf 88' lang='lat' dir='ltr'><strong>ut</strong></span> <span class='ocrx_word' id='word_1_257' title='bbox 1132 3645 1241 3702; x_wconf 83' lang='lat' dir='ltr'><strong>milites</strong></span> 
     </span>
     <span class='ocr_line' id='line_1_32' title="bbox 183 3729 1161 3806; baseline 0.004 -19"><span class='ocrx_word' id='word_1_258' title='bbox 183 3731 372 3801; x_wconf 85' lang='lat' dir='ltr'><strong>conscriptos</strong></span> <span class='ocrx_word' id='word_1_259' title='bbox 389 3729 584 3791; x_wconf 75' lang='lat' dir='ltr'><strong>dimitterent,</strong></span> <span class='ocrx_word' id='word_1_260' title='bbox 602 3739 632 3784; x_wconf 91' lang='lat' dir='ltr'><strong>et</strong></span> <span class='ocrx_word' id='word_1_261' title='bbox 649 3741 768 3785; x_wconf 80' lang='lat' dir='ltr'><strong>catenas</strong></span> <span class='ocrx_word' id='word_1_262' title='bbox 785 3730 948 3802; x_wconf 81' lang='lat' dir='ltr'><strong>pluteorum</strong></span> <span class='ocrx_word' id='word_1_263' title='bbox 965 3732 1161 3806; x_wconf 81' lang='lat' dir='ltr'><strong>deponerent.</strong></span> 
     </span>
    </p>
   </div>
   <div class='ocr_carea' id='block_1_10' title="bbox 180 3942 1241 4078">
    <p class='ocr_par' dir='ltr' id='par_1_12' title="bbox 180 3942 1241 4078">
     <span class='ocr_line' id='line_1_33' title="bbox 231 3942 1241 4009; baseline 0.01 -17"><span class='ocrx_word' id='word_1_264' title='bbox 231 3948 252 3999; x_wconf 83' lang='lat' dir='ltr'><strong>n</strong></span> <span class='ocrx_word' id='word_1_265' title='bbox 272 3942 385 4002; x_wconf 70' lang='lat' dir='ltr'><strong>oditur</strong></span> <span class='ocrx_word' id='word_1_266' title='bbox 403 3957 473 3990; x_wconf 78' lang='lat' dir='ltr'><strong>nunc.</strong></span> <span class='ocrx_word' id='word_1_267' title='bbox 535 3946 557 4002; x_wconf 82' lang='lat'><strong>2)</strong></span> <span class='ocrx_word' id='word_1_268' title='bbox 577 3945 628 4000; x_wconf 78' lang='lat' dir='ltr'><strong>ser</strong></span> <span class='ocrx_word' id='word_1_269' title='bbox 643 3945 745 4000; x_wconf 72' lang='lat' dir='ltr'><strong>stent</strong></span> <span class='ocrx_word' id='word_1_270' title='bbox 762 3945 921 4004; x_wconf 76' lang='lat' dir='ltr'><strong>mutavimus,</strong></span> <span class='ocrx_word' id='word_1_271' title='bbox 938 3946 1047 4004; x_wconf 74' lang='lat' dir='ltr'><strong>ortuo.</strong></span> <span class='ocrx_word' id='word_1_272' title='bbox 1059 3949 1241 4009; x_wconf 69' lang='lat' dir='ltr'><strong>euertuntur.</strong></span> 
     </span>
     <span class='ocr_line' id='line_1_34' title="bbox 180 4016 527 4078; baseline 0 -12"><span class='ocrx_word' id='word_1_273' title='bbox 180 4019 205 4078; x_wconf 70' lang='lat' dir='ltr'><strong>il</strong></span> <span class='ocrx_word' id='word_1_274' title='bbox 221 4018 294 4068; x_wconf 71' lang='lat' dir='ltr'><strong>Auri</strong></span> <span class='ocrx_word' id='word_1_275' title='bbox 304 4018 321 4064; x_wconf 83' lang='lat' dir='ltr'><strong>l.</strong></span> <span class='ocrx_word' id='word_1_276' title='bbox 339 4016 527 4077; x_wconf 78' lang='lat' dir='ltr'><strong>principemque.</strong></span> 
     </span>
    </p>
   </div>
   <div class='ocr_carea' id='block_1_11' title="bbox 121 4284 341 4422">
    <p class='ocr_par' dir='ltr' id='par_1_13' title="bbox 121 4284 341 4422">
     <span class='ocr_line' id='line_1_35' title="bbox 121 4284 341 4422; baseline 0 0"><span class='ocrx_word' id='word_1_277' title='bbox 121 4284 341 4422; x_wconf 65' lang='lat' dir='ltr'><strong>A</strong></span> 
     </span>
    </p>
   </div>
   <div class='ocr_carea' id='block_1_12' title="bbox 0 0 1298 4696">
    <p class='ocr_par' dir='ltr' id='par_1_14' title="bbox 0 0 1298 4696">
     <span class='ocr_line' id='line_1_36' title="bbox 0 0 1298 4696; baseline 0 4"><span class='ocrx_word' id='word_1_278' title='bbox 0 0 1298 4696; x_wconf 95' lang='lat' dir='ltr'><strong> </strong></span> 
     </span>
    </p>
   </div>
  </div>
 </body>
</html>
