2586 4696
185 295 248 369 172
308 295 312 301 ’
671 303 761 372 1530.

179 475 287 514 secum
304 461 432 519 afferens
451 465 592 536 copiose:
610 473 708 519 tamen
722 463 842 534 quando
860 461 888 517 id
906 480 922 517 a
940 462 1097 536 rue-petia,
1113 459 1247 516 breviter

180 556 323 618 quantum
340 549 457 621 habeo,
476 546 717 609 communicabo.
751 552 891 607 Arbitros
909 552 1002 608 luisse
1019 552 1169 618 delectos,
1194 550 1245 621 qui

120 700 124 713 Ι
181 637 218 691 do
236 640 398 696 concordia
421 641 573 698 doctrinae
597 652 626 697 et
648 659 722 714 pace
745 642 967 710 consultarent,
992 640 1085 696 credo
1110 649 1140 694 te
1164 640 1245 694 audi.

180 727 277 795 visae,
293 730 371 785 inter
388 748 465 803 quos
483 741 512 786 et
524 732 681 803 Philippus
699 728 764 787 suit.
799 732 856 786 Sed
868 748 939 786 cum
955 746 1016 786 non
1029 738 1155 802 possent
1171 746 1245 785 con.

150 814 156 821 ’
179 819 301 886 venire,
319 835 424 876 rursus
443 837 535 876 causa
553 822 664 891 rejecta
682 820 777 875 estad
795 821 971 885 Caesarem,
992 820 1080 889 cujus
1094 818 1244 889 judicium

181 918 374 978 expectatur,
398 910 468 965 licet
490 911 608 965 interim
632 910 731 964 adhuc
748 911 842 966 semel
860 912 897 965 de
918 909 1142 965 conditionibus
1160 910 1244 982 pacis

180 996 346 1054 deliberare
371 1015 440 1055 sese
465 999 609 1071 proximis
634 999 726 1055 literis
750 999 941 1070 scripserint,
964 1014 1038 1071 quas
1063 1008 1160 1054 tamen
1183 1016 1245 1054 non

181 1084 431 1165 significaverunt.
464 1087 570 1144 Priore
589 1075 714 1144 tractatu
732 1089 912 1145 concordiae
929 1089 1116 1161 postularunt
1139 1087 1245 1142 adver.

180 1176 268 1243 sarii,
286 1187 316 1232 ut
329 1178 435 1234 missas
447 1178 577 1250 privatas
591 1178 829 1234 admitteremus:
847 1178 916 1233 item
927 1190 961 1236 ut
972 1193 1119 1232 canonem
1131 1187 1246 1231 utrum.

180 1283 241 1337 que
258 1268 358 1337 glossa
376 1264 542 1322 commoda
552 1283 756 1336 servaremus,
778 1267 895 1323 scilicet
915 1278 949 1322 ut
965 1266 1110 1322 vocabula
1134 1267 1246 1322 sacrili.

179 1355 296 1409 ciorum
314 1344 545 1427 intelligerentur
561 1357 739 1411 sacrificium
754 1356 927 1412 memoriale
944 1357 1244 1429 repraesentativum:

180 1447 252 1501 item
276 1456 307 1501 ut
325 1445 449 1501 liberum
476 1465 545 1502 esse
562 1448 750 1516 diceremus,
775 1458 929 1520 utramque
946 1445 972 1514 ¹)
996 1447 1044 1502 vel
1069 1463 1158 1501 unam
1177 1461 1245 1519 spe.

181 1535 259 1590 ciem
273 1552 408 1592 sumeret
426 1537 496 1591 item
514 1548 545 1591 ut
558 1537 724 1592 monachos
743 1547 772 1592 et
784 1539 954 1601 sacerdotes
966 1537 1105 1608 conjugio
1115 1538 1244 1608 junctos

179 1626 307 1681 liberum
327 1626 592 1682 'statueremus-ab
619 1628 745 1682 invicem
768 1628 927 1697 ,discedere
952 1637 982 1683 et
1006 1627 1042 1681 ad
1064 1627 1245 1682 monasteria

181 1717 311 1786 reverti,
330 1735 386 1772 nec
405 1734 461 1788 pro
479 1717 656 1788 conjugibus
672 1716 827 1773 habendos
845 1733 922 1773 ease.
955 1718 1037 1772 Haec
1057 1718 1082 1773 si
1098 1719 1244 1774 vellemus

182 1817 357 1877 acceptare,
380 1810 445 1862 tum
469 1808 581 1862 vellent
598 1807 686 1863 nobis
711 1809 884 1880 permittere
908 1817 1064 1880 utramque
1088 1810 1243 1879 speciem,

180 1909 212 1953 et
227 1899 371 1968 conjuges
395 1897 462 1953 illos
481 1908 603 1970 propter
620 1909 706 1953 natos
724 1912 835 1970 pueros
851 1898 979 1953 tolerare
1003 1913 1100 1969 usque
1118 1899 1154 1952 ad
1171 1916 1244 1954 con.

182 1974 301 2056 cilium,
320 1987 398 2043 sicut
415 1988 578 2042 tolerantur
594 1987 751 2058 lupanaria.
785 1985 893 2052 Vides,
918 1986 959 2041 mi
975 1985 1120 2056 Nicone,
1139 2003 1243 2059 super.

179 2077 258 2131 biam
275 2078 396 2131 Satanae
413 2077 654 2144 securissimam,
679 2076 729 2148 qui
747 2086 806 2131 tam
824 2076 946 2145 foedas,
971 2087 1091 2149 turpes,
1114 2078 1243 2133 dedeco.

178 2181 264 2221 rosas
281 2166 467 2231 conditiones
486 2175 624 2237 tanquam
642 2175 783 2235 tyrannus
801 2167 862 2221 suis
881 2166 1004 2239 captivis
1026 2166 1113 2221 audet
1129 2184 1240 2239 propo.

180 2272 263 2310 nere.
299 2254 407 2310 Nostri
424 2254 495 2309 nihil
509 2255 618 2309 horum
637 2256 835 2322 admiserunt,
853 2255 1024 2311 obtulerunt
1035 2272 1107 2311 sero
1123 2270 1157 2310 se
1173 2257 1241 2311 red.

179 2437 252 2491 lium
276 2435 379 2491 doceri
406 2446 527 2501 curent,
561 2443 589 2488 et
614 2435 857 2514 omneslabusus
884 2435 1003 2490 tollant:
1036 2435 1107 2490 item
1131 2437 1243 2508 aliquot

181 2530 256 2583 festa
280 2539 340 2582 etc.
373 2525 524 2600 Sednihil
549 2534 595 2580 est
617 2538 731 2580 actum-e
757 2525 812 2595 ipsi
837 2526 996 2581 adversarii
1014 2527 1121 2582 volunt
1144 2528 1243 2600 perire

181 2617 374 2690 simpliciter,
394 2627 477 2686 urget
494 2631 547 2670 eos
566 2617 657 2671 latum
677 2614 871 2671 ineluctabile.

245 2750 333 2824 Hunc
350 2764 473 2805 versum
491 2747 673 2802 scribentem
690 2763 757 2814 rue,
776 2746 877 2801 literae
888 2745 1038 2819 Principis
1057 2764 1097 2802 ex
1111 2749 1244 2818 Augusta

181 2838 385 2907 interpellant,
403 2838 510 2908 quibua
529 2836 672 2906 significat
689 2837 818 2905 optimus
831 2836 992 2908 Princeps,
1011 2838 1167 2894 aCaesare
1187 2839 1244 2895 sibi

180 2927 379 2998 permissum,
404 2936 436 2981 ut
462 2926 551 2981 hodie
576 2935 661 2980 sexta
688 2926 760 2979 feria
784 2925 880 2979 solvat
905 2942 944 2980 ex
969 2929 1112 2995 Augusta.
1149 2928 1244 2998 igitur

181 3033 263 3070 nunc
290 3026 483 3086 expectamus
510 3016 633 3069 reduces
658 3028 792 3070 nostros.
826 3015 951 3069 Carolus
976 3015 1086 3072 Caesar
1110 3021 1242 3088 optimus

180 3106 228 3159 vir
245 3117 308 3170 est,
331 3113 431 3175 sperat
448 3120 481 3158 se
506 3105 655 3158 facturum
679 3105 871 3158 concordiam
893 3115 922 3158 et
940 3122 1061 3173 pacem.
1086 3111 1194 3161 nescio
1219 3109 1243 3164 si

180 3196 354 3266 poterit‚²)
381 3194 527 3249 obsessus
553 3207 597 3248 tot
615 3193 759 3248 monstris
777 3195 965 3252 daemonum.
1001 3196 1084 3251 Vale.
1119 3198 1246 3254 Exeo.

180 3286 297 3357 burgo,
316 3272 357 3340 23.
377 3283 580 3355 Septembris,
604 3283 769 3339 MDXXX.

915 3398 1066 3456 Martinus
1084 3401 1210 3458 Luther.

232 3990 253 4038 1>
267 3984 362 4032 Auris.
376 3960 519 4044 especiem.
585 3988 608 4034 3)
622 3983 717 4030 Auris.
731 3986 848 4043 potuerit.
