2586 4696
148 361 151 364 ,
192 305 253 378 sse
645 272 763 378 ‘totu

191 479 222 524 et
238 464 453 528 videte‘ttinttt
471 464 607 529 homines
626 466 824 556 inventorum
838 473 1007 543 deploratae
1018 459 1255 543 ementire,·qut

66 548 74 559 ⁸
135 591 137 594 >
189 559 267 614 hanc
290 563 396 616 serium
421 576 449 619 et
472 581 572 619 rerem
591 581 657 619 esse
683 565 818 629 creduut,
845 578 909 617 nec·
924 563 1133 625 considerent,
1161 573 1253 632 queen

189 651 286 720 turpia
309 661 335 704 et
359 653 483 706 absurdo
507 655 628 708 credant
653 664 682 709 rt
704 654 836 707 adorent.
872 651 938 706 iioc
960 652 1075 707 scilicet
1093 666 1187 705 erunt
1205 652 1254 705 ed.

189 739 329 794 monendi
341 741 509 808 christiani,
528 744 666 799 stolidum
680 759 771 809 genus
789 743 958 808 hominum,
976 759 1030 812 per
1040 743 1113 795 ttlcs
1126 740 1252 810 figurat,

188 837 222 879 ut
238 827 400 899 inciperent
417 831 569 897 dubitare,
594 845 623 886 et
645 832 805 887 dubitando
830 845 844 884 e
869 831 924 884 lide
941 841 1123 901 apostatare,
1155 841 1188 885 ct
1207 833 1254 886 trio

187 916 291 985 religio
309 909 428 988 penitus
446 933 646 990 everteretur,
672 935 828 993 antequam
853 920 930 976 ullus
952 920 1045 974 homo
1067 933 1181 988 posset
1198 922 1252 975 cb.

188 1021 322 1062 servare.

254 1147 336 1201 Haec
362 1160 406 1201 est
432 1149 478 1202 illu
503 1149 640 1219 pnruboia
666 1147 767 1204 Maru.
787 1148 884 1216 xlll,
912 1146 962 1204 ubi
989 1147 1081 1207 homo
1105 1148 1251 1206 inimicus

188 1237 436 1306 superseminavit
449 1239 555 1290 zizania
569 1249 669 1304 nocte,
692 1239 761 1292 dum
774 1237 939 1292 dormirent
948 1237 1105 1304 homines,
1124 1248 1158 1293 et
1171 1240 1251 1294 abiit.

184 1322 254 1380 Noe
272 1325 423 1380 christiani
439 1344 544 1380 secure
557 1328 738 1396 dormimus,
757 1330 821 1382 etsi
834 1345 893 1384 nou
906 1327 1122 1396 dormiremus,
1141 1330 1249 1386 dulces

184 1413 250 1468 illue
264 1415 380 1469 Sirenes
394 1433 444 1471 sun
458 1417 708 1488 iilutuliloqttrtttiu
725 1435 780 1472 nos
798 1419 882 1472 incile
896 1419 1042 1490 sopirent,
1059 1422 1249 1492 noctemque

184 1503 225 1558 ob
243 1507 349 1558 oculos
368 1507 513 1561 lucerent:
532 1508 645 1561 iuterim
664 1513 845 1562 temnuntur
860 1508 904 1561 illa
926 1508 1033 1562 zizania
1051 1506 1249 1576 figuratorum

184 1606 215 1649 et
232 1595 444 1650 insidiosorum
462 1597 634 1651 verborum.
672 1598 709 1651 iit
735 1614 802 1650 cum
828 1613 906 1651 nunc
929 1597 1248 1668 repullulent‘pnseint

183 1683 424 1768 Sucrutprutnrii,
444 1687 635 1773 Donatistaf,
656 1688 772 1754 Arimi,
793 1687 1157 1759 AuupnptisttteAEpicuri
1173 1702 1247 1747 etc:

183 1776 373 1847 quaerimus,
396 1778 473 1831 uude
491 1777 595 1831 hubent
613 1793 681 1845 ager
698 1777 822 1833 Domini
840 1777 941 1831 nostri·
959 1778 1088 1833 zizania?
1123 1778 1171 1835 lili
1197 1793 1247 1833 au.

183 1879 261 1935 tem,
287 1867 337 1938 qui
361 1859 600 1937 setttiuurtruut,
625 1867 774 1934 abierunt,
800 1877 826 1919 et
848 1868 1140 1939 interpretationibus
1160 1881 1246 1927 com.

181 1958 280 2010 modii¹
300 1959 343 2010 sic
362 1974 395 2010 se
415 1958 553 2025 pingunt,
581 1968 701 2019 ornant,
727 1966 810 2011 etex
836 1958 931 2011 oculis
953 1962 1064 2012 uostris
1089 1975 1123 2012 se
1148 1962 1245 2031 prori.

181 2046 280 2115 pium,
300 2058 329 2099 ut
344 2046 469 2099 triticum
482 2047 642 2100 retinuisse
656 2046 817 2099 videantur.
852 2045 900 2100 Sic
914 2045 1036 2101 eittbitur
1048 2056 1075 2100 et
1090 2047 1149 2102 ubit
1163 2058 1245 2105 tutut

181 2151 252 2188 cum
272 2137 386 2189 bonore
406 2145 434 2189 ct
454 2136 555 2201 laude,
574 2149 600 2188 et
618 2147 739 2205 apparet
751 2133 880 2203 euticus,
898 2135 948 2205 qui
961 2146 1007 2190 eet
1018 2151 1091 2190 vere
1102 2135 1245 2194 iuimicus

182 2224 288 2278 hoino.
324 2224 405 2278 iiuec
422 2240 468 2279 est
487 2224 531 2279 via
549 2226 679 2279 mulieris
698 2225 773 2279 illius
792 2226 956 2291 adulterae,
974 2240 1132 2295 quaecum
1151 2228 1247 2283 dero.

180 2317 306 2383 raverit,
325 2316 413 2385 tergit
431 2331 468 2370 os
485 2331 591 2383 suum,
609 2327 638 2369 et
656 2316 741 2371 dicit:
768 2317 842 2370 Non
850 2313 921 2386 feci
937 2315 1072 2386 molum,
1089 2315 1245 2374 Proterb.

166 2405 278 2462 ,XXX
1069 2415 1074 2422 ’

227 2549 229 2553 ’
247 2538 304 2591 Sed
323 2537 395 2590 iture
413 2538 446 2590 nd
465 2547 544 2591 tuam
559 2537 736 2608 epistolam,
763 2538 803 2590 mi
821 2536 990 2604 Amsdorii,
1015 2538 1084 2591 satis
1104 2538 1196 2594 nimis
1216 2549 1246 2594 et

179 2628 305 2680 molesto
325 2630 416 2693 forte,
444 2627 496 2681 sed
522 2629 650 2680 iudicare
674 2639 770 2680 tamen
796 2627 893 2692 volui,
920 2643 974 2679 cur
997 2642 1093 2696 neque
1113 2627 1246 2682 Erasmo

179 2719 421 2784 respondendum
441 2733 508 2770 esse
526 2717 596 2771 mibi
615 2717 763 2770 videatur:
790 2733 856 2769 suin
883 2716 969 2771 etium
988 2716 1057 2770 satis
1075 2729 1244 2788 occupatus

178 2808 290 2859 nostris
319 2807 480 2873 docendis,
509 2808 735 2871 confirmandis,
766 2806 950 2873 corrigendis
977 2817 1005 2859 et
1030 2805 1242 2873 gubernandis,

180 2894 300 2948 Deinde
320 2897 417 2948 solutu
437 2909 513 2947 onus
533 2895 601 2948 iilud
621 2896 753 2948 vertendi
773 2894 864 2948 Bibba
882 2911 937 2946 nos
955 2907 1036 2947 totos
1059 2894 1115 2946 sibi
1141 2898 1243 2951 vendi.

147 3037 149 3040 .
179 2996 242 3047 cut,
269 3003 283 3036 u
303 2985 414 3054 ‘tutibus
440 2985 580 3052 operibus
604 2985 688 3037 Satan
711 3001 759 3036 me
784 2987 860 3036 l'orte
883 2994 971 3037 tentat
989 3000 1134 3050 avocare,
1162 2987 1242 3040 sicut

178 3085 262 3128 anteo
281 3076 367 3141 fecit,
388 3089 418 3126 ut
437 3076 557 3128 meliora
572 3076 732 3140 desertius,
752 3075 859 3128 frustm
872 3085 973 3127 secter
985 3072 1078 3126 nubes
1091 3085 1120 3128 et
1134 3075 1242 3130 inaniet·

179 3164 260 3217 Nutu
280 3166 403 3217 Servum
423 3165 570 3217 arbitrium
588 3164 638 3217 tibi
657 3164 838 3216 documento
853 3177 918 3215 esse
932 3173 1047 3232 potest,
1066 3177 1156 3232 quum
1171 3165 1243 3218 diffi-

178 3253 234 3307 ciie
254 3256 288 3307 sit
307 3255 483 3318 Ernstmun,
505 3253 645 3308 Proteum
665 3254 761 3317 iilum,
786 3253 918 3320 aggredi,
946 3266 1069 3323 propter
1085 3269 1173 3307 suum
1192 3256 1242 3308 fler

177 3345 390 3414 xiioqueulium
416 3355 446 3397 ct
473 3343 683 3408 lubricitatem,
712 3362 767 3413 qun
797 3343 967 3396 mirabiliter
988 3342 1125 3399 confidit.
1168 3344 1241 3400 Non

179 3435 258 3488 euim
276 3434 411 3488 consistit
430 3443 515 3486 corto
535 3433 619 3493 ioco,
645 3445 673 3484 et
698 3433 820 3486 collidus
846 3444 892 3486 est
917 3433 949 3487 ud
969 3434 1122 3487 evitandos
1141 3435 1240 3502 ictus,

179 3525 262 3578 velut
280 3525 406 3577 irritatus
422 3522 537 3590 crabro.
571 3521 636 3589 Ego
650 3534 746 3574 autem
760 3523 852 3575 miser
863 3518 1028 3577 consistere
1040 3540 1153 3591 cogor,
1173 3525 1240 3578 loco

180 3630 262 3668 certe
287 3615 404 3682 miquo,
432 3613 513 3664 velut
539 3611 655 3679 signum
682 3614 934 3667 contradictionis.
978 3612 1134 3685 Quidquid
1162 3617 1240 3671 enim

179 3706 284 3760 scribit
310 3705 478 3770 Lutherus,
500 3702 562 3772 jum
585 3703 752 3757 demnatum
778 3711 824 3756 est
849 3714 912 3756 unte
938 3703 1130 3758 decennium:
1156 3707 1238 3761 solue

177 3796 330 3850 Luiberus
356 3794 458 3847 scribit
483 3809 521 3845 ex
544 3792 666 3857 invidia,
694 3792 849 3861 superbit,
877 3794 1083 3859 amaritieutia,
1111 3797 1239 3865 denique

179 3903 218 3939 eit
238 3888 302 3956 ipso
322 3885 437 3938 surina:
461 3883 508 3952 qui
527 3899 599 3938 vero
618 3894 721 3936 contra
739 3898 807 3936 cum
825 3883 973 3951 scribunt,
992 3898 1098 3940 onmes
1117 3902 1160 3943 ex
1175 3886 1238 3958 Spi.

179 3978 237 4031 ritu
255 3989 359 4030 sancto
378 3974 522 4030 scribunt.
