2594 4696
515 387 517 390 .
545 312 640 386 4536.
1075 308 1121 383 ³¹81

93 500 96 506 ¹
120 459 123 465 ¹
154 516 161 549 ,
185 458 330 532 Henrieo
349 473 483 546 Gnesio,
500 477 529 542 1)
555 475 820 535 chtershusiana
837 476 997 533 Antisthi.
1078 482 1084 522 f

62 603 210 707 Gratiam
228 667 257 709 et
275 670 379 725 pacem
396 656 424 709 ia
444 657 572 712 Christo.
589 656 621 724 α)
655 657 774 711 Tecum
794 659 909 719 sentio,
926 655 965 708 mi
981 651 1125 720 Henrice,

61 740 98 796 de
120 742 296 814 baptizanda
313 743 562 816 Judaea-pueiia,
588 758 621 802 ut
644 758 705 801 tota
727 748 821 801 linteis
843 757 918 800 tecta
944 743 1124 815 baptizetur,

61 847 99 885 eo
115 833 232 886 scilieet
250 835 325 902 ritu,
347 852 409 906 quo
427 837 456 889 in
475 837 585 891 balneis
603 850 714 891 nostris
732 839 843 890 utimur
859 833 888 901 3)
910 835 1026 895 linteis,
1045 849 1124 904 quae

61 938 208 978 vocamus
224 916 256 989 ⁴)
274 922 407 990 bantana
444 927 549 998 ltaque
566 927 641 981 mihi
659 928 808 997 placeret,
826 937 859 980 ut
878 926 905 979 in
924 939 994 979 vase
1012 925 1124 994 amplo,

62 1027 137 1082 aqua
154 1013 262 1083 pleno,
281 1025 363 1246 sepis
381 1015 471 1069 linteo
489 1019 600 1084 velata,
618 1017 790 1070 verecunde
808 1015 1052 1086 persuaderetur,
1077 1004 1126 1067 aiut

314 1103 321 1155 Ι

63 1101 86 1155 ti
104 1117 201 1172 usque
219 1103 255 1157 ad
272 1119 311 1156 oo
344 1120 384 1157 aaa
403 1104 431 1157 in
449 1121 524 1176 aqua
542 1106 650 1176 sedens
668 1105 775 1159 eodem
786 1103 878 1158 linteo
891 1103 1015 1170 vestita,
1033 1108 1125 1172 eaput

62 1191 127 1261 ejus
139 1192 216 1246 trina
234 1192 321 1246 imme
341 1194 424 1248 sione
438 1194 676 1264 immergeretur:
696 1195 767 1266 quin
781 1195 840 1249 boc
857 1195 955 1266 ipsum
967 1209 1020 1248 vas
1033 1191 1124 1246 velim

61 1273 167 1352 tepetis
184 1282 317 1354 undique
335 1286 471 1354 appensis
496 1284 658 1353 abscondi,
682 1286 933 1356 quemadmodum
950 1283 1047 1337 soient
1069 1284 1126 1338 ista

61 1369 166 1424 balnea
191 1371 354 1426 domestica
376 1373 477 1427 velari.
511 1374 599 1428 iluna
616 1366 648 1432 5)
670 1391 726 1443 ego
753 1375 890 1428 relictum
912 1383 986 1447 puto
1005 1370 1125 1428 moreni

60 1461 216 1532 antiquum
240 1462 269 1516 in
293 1453 450 1530 Ecclesia,
483 1475 515 1518 ut
539 1463 656 1534 pueris,
688 1465 738 1536 qui
761 1477 841 1519 nune
867 1475 897 1519 et
921 1465 982 1518 sine
1009 1461 1124 1533 pudore

59 1551 132 1607 audi
149 1542 175 1616 ⁶)
199 1552 400 1622 baptizantur,
419 1571 539 1625 quoque
558 1556 614 1608 tale
635 1556 756 1609 linteum
773 1555 947 1622 induamus,
970 1554 1052 1624 quod
1069 1569 1125 1608 voa

61 1654 147 1695 catur
159 1639 365 1702 Qtdttbtutbei
384 1645 500 1703 scilicet
511 1645 592 1714 quod
612 1645 640 1699 in
651 1644 823 1714 hujusmodi
835 1654 919 1699 veste
932 1643 1004 1697 olim
1017 1657 1125 1698 ornnes

60 1733 121 1787 sint
137 1731 276 1803 baptizati
290 1732 466 1800 Christiani,
484 1736 561 1788 unde
575 1732 749 1789 Dominica
765 1735 800 1788 in
818 1732 900 1788 albis
917 1732 1015 1788 adhuc
1032 1732 1126 1788 hodie

50 1834 190 1876 ¹voeatur
207 1821 255 1876 illa
272 1810 584 1898 Quasimado'qeniti,
600 1815 632 1882 ⁷)
656 1824 788 1892 scilieet,
812 1825 892 1895 quod
909 1823 988 1878 hanc
1005 1833 1125 1880 vestem

62 1914 242 1986 abaptismo
258 1927 318 1969 tota
331 1915 515 1969 hebdomade
532 1915 579 1970 ilia
591 1929 750 1984 gestarent.
786 1915 894 1988 Neque
907 1915 1048 1990 eredibiie
1066 1924 1125 1984 est,

62 2005 144 2060 iilam
163 2013 280 2074 gentem
292 2004 478 2060 Judaeorum
496 2023 556 2060 non
573 2017 633 2060 tam
650 2005 725 2083 bene
744 2005 906 2061 institutam
924 2018 953 2060 et
969 2005 1125 2061 Christum

62 2093 164 2165 ipsum
182 2093 212 2147 in
229 2094 384 2164 Apostolis
408 2095 501 2148 fuisse
520 2104 580 2150 tam
604 2094 824 2166 impudentem,
842 2104 874 2149 ut
892 2094 1008 2150 adultos
1025 2079 1125 2150 nudos

60 2183 249 2255 baptizarint.
283 2184 408 2238 Accedit
433 2184 468 2238 ad
493 2184 570 2252 boc,
595 2184 673 2255 quod
691 2185 817 2240 mortuis
843 2200 964 2257 quoque
988 2185 1077 2239 talem
1092 2177 1126 2254 8)

60 2283 179 2329 vestem
198 2273 352 2328 induamus
371 2273 405 2326 ad
423 2273 596 2327 memoriam
614 2273 753 2347 baptismi
771 2274 881 2340 nostri,
906 2275 933 2328 in
952 2291 1013 2345 quo
1033 2273 1131 2346 bapti.

62 2380 168 2417 ramur
192 2363 220 2415 in
238 2373 365 2415 mortem
383 2361 511 2429 Christi,
529 2353 559 2425 ⁹)
584 2373 617 2415 ut
635 2361 817 2432 significetur
834 2372 863 2417 et
881 2363 909 2416 in
928 2373 1025 2417 morte
1043 2373 1073 2416 et
1097 2363 1127 2417 in
1209 2421 1212 2426 .

61 2452 213 2522 baptismo
232 2452 410 2506 resurrectio
423 2461 627 2517 mortuorum,
645 2467 713 2504 cum
731 2449 805 2504 aliud
818 2467 878 2505 uon
896 2452 933 2504 sit
947 2451 1126 2522 baptismuS,

61 2559 151 2613 quam
166 2557 248 2594 mors
266 2542 401 2595 advitam
414 2542 552 2594 suturam.
587 2541 795 2595 Verumtamen
809 2541 891 2604 vide,
910 2558 946 2593 ne
965 2542 1011 2594 iila
1029 2541 1127 2612 puella

60 2633 150 2699 fingat
174 2631 261 2684 satem
280 2630 407 2698 Christi,
433 2629 506 2683 mira
531 2629 609 2683 enim
634 2630 712 2683 istud
729 2646 822 2698 genus
845 2630 1001 2684 hominum
1027 2628 1127 2700 fingit,

60 2740 122 2776 non
135 2722 215 2791 quod
229 2721 379 2788 dubitem,
399 2720 535 2791 reliquias
552 2717 688 2773 Abrahae
703 2736 879 2790 superesse,
899 2737 974 2790 quae
992 2721 1027 2773 ad
1041 2721 1127 2775 Chri.

60 2828 141 2866 stum
168 2813 350 2880 pertineant,
374 2811 426 2864 sed
451 2811 530 2881 quod
556 2809 700 2863 hactenus
727 2810 880 2863 illuserunt
904 2808 1009 2863 dudaei
1035 2810 1124 2865 fidem

61 2912 207 2955 nostram.
242 2901 368 2953 iiortare
392 2900 495 2966 igitur,
522 2917 557 2951 ne
577 2898 652 2951 fallat
671 2915 704 2952 se
729 2899 821 2968 ipsam
839 2900 962 2954 misera:
986 2901 1011 2953 si
1030 2915 1124 2956 verax
1195 2906 1198 2914 '

59 2993 167 3059 meru,
203 3005 274 3061 opto
300 2991 326 3042 ei
348 2990 470 3058 gratiam
496 2999 526 3042 et
550 2989 816 3060 perseverantiam,
845 2977 974 3060 meoque
999 2992 1122 3046 nomine

59 3081 141 3134 dicas
154 3081 192 3134 iili
206 3081 328 3134 salutem
344 3079 372 3131 in
385 3078 517 3132 Christo.
547 3077 581 3131 ln
594 3077 729 3132 Domino
747 3077 822 3131 bene
837 3080 913 3132 vale.
940 3079 989 3133 Ex
1006 3079 1118 3137 Eremo

57 3177 87 3232 9.
105 3171 199 3236 Julii,
224 3169 391 3225 MDXXX.

753 3256 792 3312 Τ.
810 3255 899 3312 Mart.
918 3257 1079 3318 Lutherus.

110 3557 131 3601 t)
148 3550 303 3600 mentirier
316 3552 342 3599 ἵ.
357 3549 478 3600 manitus.
526 3550 550 3595 2)
564 3548 639 3598 Μ.
653 3550 668 3600 i
681 3549 744 3601 bbat
759 3549 822 3599 taath
836 3550 889 3599 tuti
904 3548 974 3595 tuter
987 3550 1021 3600 tir
1035 3550 1114 3603 biaut

56 3627 127 3677 brar,
147 3624 373 3674 inminutionem
393 3623 434 3673 tati
448 3623 485 3675 thr
503 3622 538 3668 tie
551 3623 652 3675 beriam
673 3622 694 3671 ta
713 3623 803 3674 aetaur't
819 3623 860 3672 tait
873 3625 975 3673 nutrit,
995 3632 1064 3674 ,uum
1077 3623 1115 3669 da

56 3699 171 3753 gaietani
185 3696 262 3747 detrita
276 3697 437 3744 anaeticum,
459 3695 510 3740 tuat
527 3695 562 3739 tia
576 3696 681 3744 &aritine
700 3695 735 3746 tra
748 3696 785 3739 tet
798 3697 862 3745 athen
877 3695 966 3743 mahat]
987 3695 1024 3740 tte
1043 3695 1113 3746 metu.

58 3772 133 3818 libra
147 3771 269 3820 ultaubmt
283 3774 329 3814 una
343 3772 418 3818 mater
429 3769 527 3817 unitati
544 3768 615 3816 item!
629 3767 679 3813 tuas
693 3768 727 3812 tte
741 3769 813 3816 taust
827 3769 876 3819 teis]
890 3769 939 3814 tuat
954 3767 981 3818 fir
995 3768 1055 3824 uum
1069 3770 1115 3815 aab

56 3847 160 3891 battuta.
174 3868 199 3880 α
211 3846 298 3890 statera
309 3844 397 3888 mirabar
406 3842 510 3892 ntdttat
520 3842 699 3893 ttturtdmnam
710 3843 777 3892 tantm
788 3843 832 3888 nit
843 3852 899 3894 nte.
949 3845 971 3890 3)
987 3842 1030 3887 his.
1045 3846 1115 3886 utun.

55 3924 106 3965 tur.
157 3919 352 3967 ditiisvocant.
402 3917 481 3968 fiihb.
501 3915 563 3960 biuc.
614 3916 811 3961 aihta-unat.
861 3918 882 3963 7)
898 3916 1113 3971 his—quasimo-

56 3992 178 4050 degeam.
228 3994 250 4042 8)
264 3991 308 4036 his.
324 3994 406 4040 iamai.
457 3994 479 4041 9)
494 3990 538 4036 hls.
554 3989 578 4034 iu
592 3995 671 4035 morte
685 3990 741 4041 ahur
755 3989 809 4034 Chr.

144 4071 215 4151 stt.
232 4066 290 4135 lv.
887 4068 907 4133 6
