2586 4696
538 346 630 413 15³1.
1044 339 1115 410 -261

55 502 128 561 Non
146 504 272 578 potestis
289 503 411 559 iliorum
426 502 610 576 iniquitatem
626 512 744 569 tacere,
757 502 788 571 ¹)
802 502 884 559 sient
899 499 1118 576 bonos'pasto.

56 611 107 650 res
126 595 224 650 decet:
250 604 279 650 at
303 595 342 648 iili
359 611 421 649 non
436 605 564 666 possunt
583 594 684 649 nudite
700 610 758 648 nec
780 594 861 648 ferre
882 602 997 649 vestras
1020 591 1117 646 incre.

55 685 212 763 pationes:
226 684 314 739 sinite
331 701 403 753 ergo
421 684 488 738 ilios
506 685 616 739 furere.
630 683 664 748 ²)
697 683 765 740 Nos
783 697 885 738 sumus
902 683 956 739 tuti
979 691 1010 738 et
1025 697 1117 738 exon.

56 775 122 830 sati.
148 774 220 830 Vaie
233 773 262 830 in
275 773 421 839 Domino,
433 783 462 827 et
474 773 567 829 saluta
579 770 747 829 Dominum
755 771 930 841 Nicolaum,
947 772 1117 841 Pastorem,

56 876 88 921 et
98 864 191 919 nolite
208 863 335 930 tristari,
352 861 405 917 sed
417 863 557 932 gaudete,
576 860 657 933 quod
674 870 799 934 propter
809 860 963 917 Christum
977 860 1115 932 patimini.

54 954 181 1011 Nollem
198 962 315 1020 tamen,
332 951 414 1023 quod
427 951 544 1023 publice
563 950 636 1022 ipsis
654 949 839 1006 audientibus
852 951 1006 1024 pulverem
1023 966 1118 1005 excu-

55 1043 154 1110 tiatis,
184 1057 221 1095 ne
245 1040 364 1096 insidias
388 1039 476 1094 vobis
502 1039 531 1093 in
553 1039 604 1094 via
624 1048 749 1094 struant.
791 1038 848 1095 Sed
872 1039 958 1094 dicite
981 1038 1025 1094 eis
1051 1039 1116 1095 vate

56 1131 202 1188 modestis
220 1139 248 1184 et
264 1128 428 1184 humilibus
445 1126 563 1197 verbis,
587 1128 697 1198 rejecta
715 1143 805 1183 ceusu
828 1129 858 1183 in
873 1128 993 1197 Deum,
1016 1139 1117 1201 prote.

58 1225 142 1292 stati,
160 1221 345 1279 conscientia
362 1231 425 1275 tuta
440 1235 498 1275 vos
515 1235 576 1274 non
594 1234 830 1291 posse'maneret
864 1219 941 1277 Uter
951 1220 1053 1291 justus
1065 1220 1115 1290 sit,

55 1315 144 1371 Deus
162 1311 277 1368 viderit.
294 1307 321 1379 ³)
353 1309 396 1366 D.
413 1311 457 1365 23.
474 1308 567 1380 Maji,
585 1307 769 1367 Muxxxt.

727 1423 767 1481 Τ.
784 1423 937 1482 Martinus
953 1423 1080 1481 Luthetr

92 1786 238 1858 asoto.
508 1783 509 1788 ‘
750 1758 1079 1845 Nnmcccnxm.

244 2025 245 2028 p
375 1939 425 2010 tto
446 1938 531 2012 tttt.
552 1936 791 2022 nantuato.

228 2101 253 2150 e.
265 2100 327 2146 tcttt
339 2096 369 2158 t).
382 2055 559 2149 ont-cottstut
571 2107 598 2152 aa
611 2094 651 2149 tto
664 2096 702 2145 es
715 2094 769 2148 nod
782 2095 939 2152 minentem

104 2331 156 2380 aaa
169 2329 349 2382 eustratus
362 2328 524 2386 castaneto·
535 2310 683 2387 emmam
696 2331 714 2378 r.
728 2332 772 2380 ue.
790 2327 832 2383 tei
844 2328 959 2388 eunte
971 2328 1000 2376 11.
1012 2329 1061 2379 ns.

55 2464 202 2565 Gratiam
225 2520 255 2565 et
275 2525 389 2580 pacem.
429 2508 491 2567 Per
513 2510 667 2566 Christum
684 2510 852 2568 Dominum
868 2500 899 2575 ⁴)
924 2518 953 2562 te
972 2523 1045 2575 oro,
1068 2505 1109 2561 mi

53 2601 241 2655 Hausmatme
259 2601 398 2665 (festinus
411 2612 439 2657 et
452 2612 616 2673 occupatus
634 2597 764 2668 scribo),
776 2610 809 2654 ut
824 2598 1043 2672 quamprimum
1055 2613 1109 2669 po.

53 2691 142 2758 teris,
169 2690 231 2744 huc
255 2691 364 2754 adme
389 2691 505 2746 venias:
537 2690 596 2745 eris
621 2688 695 2744 mihi
719 2688 833 2760 hospes
859 2687 1054 2743 charissimus
1080 2695 1111 2741 et

53 2780 248 2850 gratissimus.
281 2780 373 2835 Vides
396 2781 512 2835 tandem
530 2781 718 2845 mercedem,
742 2795 831 2849 quam
852 2777 903 2832 tibi
921 2778 1048 2832 reddunt
1067 2777 1110 2831 tui

54 2871 312 2939 Zwiocavienses,
335 2871 388 2925 sed
412 2882 443 2925 tu
462 2870 523 2925 noli
546 2880 576 2926 te
598 2869 733 2925 cruciare
755 2869 876 2923 illorum
892 2868 1010 2925 malitia.
1042 2866 1110 2939 Ego

55 2962 169 3032 gaudeo
187 2961 272 3016 istam
290 2961 351 3015 dari
369 2961 558 3016 occasionem
575 2977 629 3015 eos
648 2957 865 3023 contemnendi.
961 2963 964 2967 ’

119 3073 267 3128 Cordatus
286 3074 311 3129 si
328 3075 414 3127 simui
432 3075 564 3143 venerit,
587 3074 791 3146 providebitur
808 3091 863 3146 pro
883 3073 1006 3129 viribus.
1043 3069 1111 3136 dadi

56 3162 98 3220 bit
116 3161 215 3221 ffittbttt
239 3162 282 3220 itu
299 3169 349 3232 gut
366 3161 438 3228 8ttbt
455 3164 552 3227 buben:
578 3166 623 3219 sic
639 3173 752 3231 tamen,
774 3172 809 3217 ut
830 3163 959 3218 officium
978 3163 1112 3216 nondum

55 3253 209 3320 resignes,
234 3253 287 3307 sed
311 3254 474 3308 occasione
497 3253 629 3308 visitandi
657 3254 732 3322 mei,
759 3264 790 3308 et
811 3254 879 3308 iilos
901 3252 1018 3308 interim
1043 3269 1114 3308 cum
1148 3314 1153 3321 ,

56 3358 113 3398 sun
132 3342 212 3397 idolo
231 3342 345 3396 intruso
364 3342 566 3414 relinquendi,
586 3344 682 3398 donec
700 3344 800 3400 videas
817 3337 849 3410 ⁵)
872 3360 933 3415 quo
951 3360 1000 3398 res
1016 3344 1113 3399 vadat.

56 3431 139 3486 Haec
171 3431 226 3484 iilis
250 3443 431 3500 protestatus
455 3431 642 3500 significabit.
686 3431 809 3486 Caetera
835 3449 947 3487 coram.
989 3432 1061 3489 Non
1084 3442 1114 3490 te

55 3531 175 3575 moveat
199 3522 371 3576 scandulum
388 3521 570 3578 vicinorum:
595 3523 683 3591 culpa¹
701 3540 761 3576 non
784 3531 831 3577 est
852 3532 912 3578 tus.
947 3522 1029 3597 Quid
1046 3539 1116 3594 pos.

58 3626 163 3666 sumus
182 3628 253 3677 nos,
279 3611 303 3664 si
322 3624 422 3665 sectae
440 3623 469 3665 et
488 3611 665 3666 rebelliones
683 3611 768 3680 fiant,
793 3611 890 3668 invitis
908 3612 1016 3668 nobis?
1051 3613 1115 3666 Alia

58 3718 174 3757 coram.
208 3701 330 3755 Interim
347 3699 459 3769 gaude,
478 3710 508 3754 et
525 3701 610 3755 fortis
628 3711 710 3768 esto,
730 3701 947 3773 quodpropter
962 3701 1115 3757 veritatem

106 3946 305 3997 tium-tacete.
361 3947 644 3998 2)Cod.G0ttr.sacete.
700 3952 721 4002 3)
737 3951 761 3994 0.
773 3952 799 3997 ὓ.
812 3949 913 3998 videbit.
963 3951 985 4000 tt
1000 3949 1060 4000 &tb-
1074 3961 1119 4009 per

59 4020 228 4066 Chntiomiu.
257 4020 411 4065 't'eotoetc
462 4024 485 4072 5)
499 4024 530 4066 Α.
545 4022 623 4069 donec
636 4022 720 4069 venite
735 4023 776 4076 tt).
1012 4037 1013 4040 ¹
