2586 4696
556 295 648 391 stit.
1067 290 1138 381 aas

105 461 147 518 ιθ.
163 444 256 527 mr.
753 446 826 509 Ni.
841 443 1097 508 Mcccnxxvt.

388 604 438 676 lin
466 602 549 676 tlte.
577 602 814 686 neuturus.

449 760 549 814 nectit
562 760 629 809 tinen
643 760 744 814 snitu

70 997 124 1050 ὤση
136 994 272 1043 sunteas
285 995 366 1054 nm.
387 992 487 1048 oeuttrt
500 994 649 1046 immuta
662 993 726 1042 xxt.
736 995 795 1044 1229.
816 993 873 1044 wir
885 993 958 1050 itittt
971 991 1094 1041 coelen.
1104 992 1128 1039 b.

296 1069 314 1116 l.
327 1071 372 1119 21¹.
389 1071 436 1117 unt
448 1067 614 1133 ,inritatur
626 1067 667 1115 111.
681 1068 699 1115 t.
713 1071 757 1118 128.
770 1067 906 1125 ueritiam,

71 1203 267 1306 Gratiamet
283 1265 390 1321 pacem
408 1251 438 1304 in
455 1248 585 1305 Christo.
618 1246 693 1320 Legi
709 1257 774 1304 tuas
790 1248 890 1304 literas
901 1263 958 1320 pro
975 1246 1059 1302 affine
1076 1256 1139 1301 tuo-

71 1337 206 1409 Georgio
224 1338 346 1394 Pochar
361 1342 387 1404 ²)
411 1348 440 1394 et
462 1338 557 1393 audivi
574 1337 730 1393 hominem
752 1337 881 1410 prolixe.
916 1335 1008 1412 Quod
1031 1346 1131 1391 autem

71 1429 231 1484 consilium
253 1444 355 1483 meum
376 1428 405 1484 in
428 1429 486 1484 hac
511 1446 545 1484 re
567 1428 685 1501 poscis,
702 1427 735 1495 ²)
760 1428 872 1483 contuli
891 1443 962 1482 cum
977 1425 1130 1496 Magistro

68 1518 230 1592 Philippo,
248 1529 279 1573 et
295 1519 466 1574 consultum
483 1518 570 1574 nobis
587 1514 618 1584 ³)
640 1517 773 1586 videtur,
790 1517 814 1573 si
831 1516 998 1589 periculum
1014 1525 1132 1572 tantum

71 1625 108 1664 ac
124 1609 182 1664 tale
206 1618 269 1678 est,
292 1607 374 1681 quod
391 1609 476 1680 justo
493 1620 577 1662 metu
593 1608 641 1675 (ut
657 1607 727 1678 jura
745 1607 920 1680 loquuntur)
942 1605 1131 1662 scohabita.

69 1701 154 1757 tione
170 1699 276 1754 uxoris
294 1698 454 1768 abstineat,
471 1698 497 1754 si
515 1697 594 1753 forte
607 1707 727 1770 tempus
745 1696 863 1752 tandem
880 1713 946 1751 eam
957 1696 1005 1752 vel
1017 1708 1131 1752 nocen-

71 1797 133 1844 tem
156 1787 204 1843 vel
226 1788 417 1841 innocentem
441 1785 581 1841 declaret.
622 1784 663 1840 Et
687 1786 726 1840 sit
747 1785 822 1840 haec
846 1800 935 1841 causa
959 1784 1063 1840 similis
1088 1782 1130 1866 nli

72 1883 97 1933 ι.
116 1878 186 1932 Cor.
203 1872 291 1945 v11.,
308 1875 358 1931 ubi
375 1877 440 1932 irati
457 1877 600 1946 conjuges
618 1873 774 1932 discedunt
790 1874 827 1930 ab
843 1874 982 1931 invicem.
1015 1874 1133 1931 Divor.

71 1967 146 2024 tium
163 1983 255 2035 vero,
279 1975 310 2022 nt
326 1967 445 2038 utrique
461 1967 549 2022 liceat
565 1965 695 2034 nubere,
718 1982 779 2022 non
796 1973 843 2021 est
859 1964 1050 2035 tentandum,
1070 1963 1131 2021 nisi

72 2059 104 2114 in
121 2057 240 2130 publico
252 2057 328 2127 juris
345 2057 413 2112 soro
422 2097 432 2125 ‚
455 2067 538 2128 parte
555 2065 678 2128 utraque
696 2071 799 2111 coram
816 2047 977 2112 accitsante
995 2065 1027 2112 et
1041 2071 1132 2111 accu.

73 2158 149 2204 sata.
184 2146 257 2209 Non
276 2158 322 2204 eat
336 2145 399 2202 hoc
417 2157 552 2201 nostrum
568 2148 744 2215 consulere,
764 2163 821 2203 nec
838 2146 913 2202 intra
930 2146 1131 2203 conscientias

71 2237 182 2292 limites
195 2237 341 2292 consistit.
375 2236 566 2292 Conscientia
577 2253 650 2291 vero
668 2244 728 2294 tuta
745 2247 809 2305 est,
828 2233 853 2291 si
870 2236 906 2291 ab
923 2238 1027 2293 uxoris
1039 2235 1132 2292 coba.

10 2313 12 2317 ’
71 2327 215 2383 bitatione
232 2326 393 2395 abstineat,
419 2327 515 2381 donec
531 2324 675 2398 probabili
692 2335 774 2382 metu
792 2337 851 2382 tam
868 2326 987 2397 grandis
1004 2326 1131 2402 periculi

71 2428 198 2472 tenetur.
215 2409 248 2483 ⁴)
279 2416 350 2472 Jam
366 2428 467 2470 utrum
482 2417 580 2471 metus
601 2416 649 2471 ille
665 2416 704 2472 sit
720 2416 898 2488 probabilis,
922 2428 1024 2488 patere
1041 2417 1133 2473 debet

72 2523 113 2561 ex
130 2507 184 2560 viri
203 2506 349 2574 moribus,
368 2505 485 2574 ingenio
498 2513 527 2558 et
544 2506 632 2573 fama,
651 2514 684 2559 ut
700 2505 725 2561 si
742 2522 803 2560 non
820 2505 858 2560 sit
874 2516 994 2560 notatus
1009 2506 1132 2562 levitate

71 2607 121 2651 aut
144 2597 267 2664 malitia,
295 2595 348 2651 sed
373 2594 469 2649 bonae
495 2595 590 2649 famae
621 2607 650 2648 et
676 2594 810 2649 moribus
842 2595 996 2664 gravibus:
1024 2596 1132 2652 deinde

72 2689 98 2744 si
116 2687 223 2744 mulier
240 2686 280 2741 sit
297 2690 395 2740 notata
411 2684 548 2739 moribus
566 2691 594 2738 et
610 2684 729 2753 ingenio
747 2685 921 2753 contrariis,
944 2685 1007 2740 hoc
1024 2695 1088 2758 est,
1104 2687 1132 2742 si

71 2777 119 2831 vir
136 2777 207 2831 nihil
232 2774 310 2834 alind
333 2783 474 2845 queratur
497 2789 585 2844 quam
606 2773 770 2844 periculum
793 2774 867 2839 tale,
892 2785 1010 2830 caetera
1033 2777 1133 2833 omnia

72 2881 235 2938 passurus,
261 2864 302 2918 uti
324 2861 443 2918 scribis.
476 2862 531 2916 His
555 2860 634 2916 enim
656 2862 736 2916 veris
761 2862 889 2919 inventis
912 2865 948 2919 ad
965 2858 1131 2945 periculum

73 2956 140 3024 cogi
163 2971 223 3009 non
241 2952 347 3020 debet,
373 2967 435 3005 non
458 2960 570 3004 attento
594 2949 743 3005 scandalo.
777 2951 863 3022 Signa
887 2964 986 3010 autem
1006 2956 1132 3027 periculi

73 3044 161 3114 (licet
174 3043 280 3097 mulier
290 3041 394 3109 neget)
411 3050 500 3105 tanta,
518 3047 625 3111 quante
642 3052 750 3108 narrat,
768 3043 838 3097 satis
851 3051 919 3097 sunt
936 3043 970 3098 ad
988 3044 1133 3126 incutien-

74 3135 144 3186 durn
156 3133 272 3202 justum
288 3143 412 3185 metum.
446 3128 504 3182 Sed
521 3126 597 3182 haec
613 3130 694 3184 satis.
729 3128 869 3186 Videmus
887 3131 917 3187 in
934 3133 1040 3189 talibus
1057 3136 1132 3192 ca'si.

72 3222 129 3276 bus
148 3222 294 3293 ipsissima
316 3234 408 3291 opera
425 3212 556 3274 Diaboliss
591 3216 620 3272 Si
637 3218 761 3273 Senatus
778 3217 861 3274 bunc
877 3237 980 3277 casum
997 3224 1131 3294 judicare

72 3311 219 3379 voluerit,
236 3326 293 3365 nos
310 3308 438 3362 libenter
449 3306 533 3362 liberi
553 3307 680 3375 erimus,
697 3310 779 3364 etad
797 3326 850 3365 eos
867 3311 1056 3385 rejicicmus,
1074 3319 1132 3374 nisi

73 3403 155 3475 quod
167 3399 383 3456 conscientiam
395 3398 518 3467 dirigere
529 3396 687 3463 volumus,
705 3397 730 3452 si
742 3397 896 3454 decretum
912 3401 999 3457 fuerit
1014 3414 1132 3479 tempo.

73 3492 134 3547 rale
160 3488 330 3546 divortium.
346 3478 377 3554 ⁶)
410 3484 562 3542 Dominus
588 3485 626 3542 sit
649 3497 760 3542 tecum.
794 3487 898 3554 Saluta,
908 3490 952 3548 D.
970 3493 1131 3553 Cordnrum

74 3584 104 3637 in
121 3580 266 3637 Domino.
301 3576 431 3634 Decima
447 3575 541 3646 Msji,
558 3574 741 3632 MDXXXI.

768 3682 918 3743 Martinus
935 3686 1096 3774 Lutherps.

124 3900 368 3954 l)Antlr.Ponker.
410 3901 431 3951 2)
446 3901 473 3945 Α.
488 3898 574 3955 poscit.
617 3898 638 3949 3)
651 3899 680 3942 Α.
694 3894 761 3944 mihi.
803 3897 924 3949 ilbodo.
938 3903 1000 3953 nil.
1013 3905 1127 3957 terretur.

74 3979 97 4028 5>
112 3977 159 4026 ‘Die
172 3977 257 4025 ibunt
270 3974 293 4019 Sl
306 3975 406 4020 Senatus
420 3974 466 4017 etc.
480 3971 551 4025 ititn
566 3971 605 4024 ben
619 3968 714 4016 Auris.
729 3969 767 4018 nli
780 3968 927 4026 tractauit.
