2586 4696
136 320 176 387 ro
215 279 219 288 ’
620 313 719 393 essu·

147 504 148 508 ’
167 482 210 541 29.
228 472 337 548 llltll.
919 478 977 537 N⁰.
996 476 1159 536 Mccvll.

484 633 532 702 llu
565 631 844 710 lllrlnncltlon.

158 783 331 842 terruissent
344 788 391 836 unt
404 778 486 837 untrrr
498 791 663 846 ttrulntrltrni
676 797 722 838 ran
736 789 781 839 ull
794 786 907 839 seusun
920 787 967 833 unt
979 782 1170 839 bridiltlstts

136 1020 189 1076 leto
200 1023 335 1072 buddeus
354 1038 377 1085 p.
390 1029 423 1074 88.
449 1027 507 1081 mol.
521 1028 580 1074 cod.
595 1027 672 1073 close.
687 1027 746 1072 (lod.
760 1026 815 1072 Jen‘.
828 1026 850 1071 b.
864 1024 881 1071 l.
895 1025 941 1072 ltu
960 1023 1007 1073 ηπ)
1024 1020 1194 1069 Aurttaber·

387 1100 428 1146 111.
442 1100 459 1145 t.
473 1104 503 1148 1⁰.
530 1100 629 1152 brand
643 1104 683 1153 teu
696 1100 791 1151 tuoto
803 1099 867 1146 xvl.
880 1099 940 1147 mu

137 1229 282 1331 Gratiam
299 1287 328 1331 et
349 1296 464 1350 pacem.
499 1282 630 1356 Quintus
655 1285 769 1355 vagitus
791 1301 808 1339 e
831 1280 931 1356 pueris
949 1279 978 1347 ¹)
1002 1273 1193 1354 consecrarit

43 1432 45 1437 Ι
136 1364 260 1419 domurn
271 1367 383 1423 Jonae:
403 1386 482 1425 nunc
498 1372 580 1427 nullo
598 1373 688 1427 modo
706 1373 781 1428 dirui
799 1372 869 1426 licet
881 1371 955 1427 tales
968 1386 1003 1423 ac
1016 1378 1079 1423 tem
1091 1379 1191 1421 sacras

135 1449 247 1524 aedes‚‘
268 1475 306 1512 ne
331 1459 427 1515 Jonas
452 1461 571 1516 occidat
594 1463 655 1531 ipsa
681 1478 759 1529 voce
781 1462 938 1516 dirutores.
973 1458 1068 1513 Mitto
1093 1457 1191 1512 literas

135 1560 242 1600 omnes
267 1563 283 1601 e
305 1547 499 1619 Witenberga
523 1563 678 1621 acceptas,
702 1569 740 1605 ne
763 1550 837 1605 nihil
859 1549 958 1605 minus
981 1547 1081 1602 sciatis
1104 1559 1191 1618 quam

134 1651 203 1691 uos.
237 1637 397 1695 Festinanti
413 1641 517 1695 nuntio
535 1641 665 1696 breviter
682 1641 822 1712 respondi
831 1681 843 1708 „
852 1640 882 1707 ²)
900 1640 970 1694 alias
986 1638 1072 1692 letius
1089 1633 1119 1698 ³)
1136 1634 1191 1690 illis
1228 1709 1230 1714 Ι

134 1742 192 1798 per
219 1726 312 1781 otium
340 1730 517 1800 scripturus.
550 1723 792 1800 De'Crucigero
819 1729 954 1784 mundavi
982 1727 1071 1783 uxori
1098 1741 1190 1782 meae.
1231 1714 1232 1720 ἵ

134 1816 253 1885 Adjuro
277 1835 352 1886 vos,
383 1830 413 1874 ut
437 1818 520 1874 huno
544 1821 679 1875 nuntium
703 1821 870 1874 Jenensem
890 1818 1021 1890 jubeatis
1046 1830 1150 1871 rursus
1174 1828 1191 1869 s

134 1907 224 1963 nobis
250 1908 347 1962 literas
371 1910 492 1964 domum
519 1911 663 1980 recipere.
697 1911 876 1981 Argentinae
894 1908 964 1981 quid
990 1918 1092 1978 egunt,
1114 1904 1190 1960 vide.

136 1997 194 2051 Sed
207 1998 385 2053 Carlstadius
399 1998 585 2071 prophetiam
602 2017 698 2055 meam
716 2017 817 2056 veram
836 1996 917 2065 facit,
930 1990 962 2063 ⁴)
980 2014 1037 2070 qua
1049 1995 1113 2052 dixi
1125 2009 1192 2051 eum

135 2104 197 2142 non
216 2089 338 2142 credere
355 2089 458 2144 Deum
476 2107 558 2146 esse:
577 2092 630 2146 sed
647 2091 752 2148 vadant
768 2082 798 2158 ⁵)
817 2105 846 2144 et
862 2089 978 2144 iaciant.

202 2176 285 2232 Nihil
303 2178 352 2232 hic
370 2180 458 2247 novi,
483 2179 637 2250 nisiquod
659 2179 818 2246 miramur,
845 2178 916 2232 nihil
935 2194 950 2230 a
967 2174 1056 2231 vobis
1073 2173 1193 2231 venisse

136 2264 287 2322 literarum
304 2267 457 2323 hactenus.
491 2269 571 2322 Dedi
590 2269 680 2339 prima
698 2269 744 2323 die
762 2266 917 2322 divisionis
933 2266 1050 2333 literas,
1077 2264 1193 2336 ignanu

137 2356 208 2428 quid
226 2358 407 2428 scripserim.
418 2351 450 2424 6)
483 2358 574 2413 Nunc
593 2357 719 2413 obrutus
734 2357 919 2413 testinatione
931 2347 960 2422 ⁷)
978 2354 1071 2410 nuntii
1088 2365 1119 2411 et
1131 2354 1193 2410 lite.

109 2480 115 2501 .
136 2463 236 2501 rannu
253 2447 436 2501 multitudine
453 2464 513 2503 non
531 2449 613 2519 potui
631 2446 743 2518 plures.
776 2446 844 2502 Nos
867 2443 920 2500 hic
940 2444 1052 2499 domini
1070 2459 1192 2512 sumus,

136 2539 223 2612 plane
240 2532 267 2604 Β)
285 2555 320 2594 ac
337 2537 425 2593 nimis
448 2537 522 2592 laute
546 2538 704 2608 pascimur.
739 2536 828 2591 Tibia
852 2551 918 2590 mea
942 2535 1077 2590 nondum
1101 2533 1192 2589 sanari

136 2630 212 2684 vult.
246 2629 388 2700 Suspicor
409 2629 522 2683 fluxum
543 2628 690 2699 quendam
708 2626 796 2695 oriri,
822 2642 913 2698 quem
930 2624 1041 2681 nollem
1058 2616 1091 2692 ⁹)
1109 2623 1193 2681 cohi.

135 2717 218 2786 beri,
244 2728 274 2773 et
298 2728 395 2772 tamen
421 2717 533 2788 ignoro.
569 2717 673 2771 Scribo
702 2718 738 2770 do
761 2713 821 2770 hac
847 2733 880 2770 re
902 2715 1034 2770 Ductori
1061 2713 1192 2787 Casperi.

138 2808 243 2883 Oratio
259 2824 326 2861 mea
343 2807 377 2861 ad
395 2807 514 2861 Clerum
529 2803 558 2872 ¹)
576 2806 726 2879 procedite
744 2805 854 2861 crescit
871 2805 947 2859 inter
964 2819 1069 2858 manns
1087 2813 1117 2859 et
1133 2820 1193 2858 ma.

135 2896 210 2951 teria
228 2908 256 2951 et
273 2898 417 2968 impetus,
435 2908 468 2950 ut
482 2896 626 2967 plurimos
638 2894 889 2951 Landsknechtos
908 2909 1033 2964 prorsus
1051 2893 1081 2948 vi
1099 2893 1192 2968 repel-

136 2988 201 3043 lere
220 2989 326 3057 cogar,
351 2986 400 3059 qui
424 2986 569 3040 insalutati
589 3001 648 3040 nou
666 2997 786 3041 cessant
803 2985 988 3056 obstrepere.
1021 2983 1191 3051 Dominus,
1229 3008 1232 3012 ·

137 3078 188 3149 qni
199 3079 298 3133 donae
317 3075 467 3132 benedixit
485 3079 605 3148 quinto,
621 3075 778 3131 benedicat
795 3075 847 3130 tibi
865 3075 954 3130 tertio
971 3073 1083 3144 filiolo,
1100 3074 1189 3131 altero
1225 3088 1229 3141 j

139 3169 293 3238 Georgio,
317 3167 483 3231 Amen.¹⁰)
518 3166 567 3220 Ex
585 3166 717 3220 Comitiis
738 3164 1105 3234 ll·lcdiolanensibus,seu
1122 3164 1190 3220 Mo-
1228 3165 1232 3197 ‘³

137 3258 385 3317 nudulanensibus
402 3262 428 3312 3.
445 3257 510 3312 Kal.
530 3255 625 3328 Maji,
650 3255 820 3312 MDXXX.
1229 3258 1232 3268 '

824 3360 976 3416 Martinus
993 3359 1160 3417 Lutherus.

189 3621 306 3674 llssudd.
317 3618 447 3676 exprimis.
472 3621 496 3667 ‘ll
507 3621 530 3664 C.
541 3620 617 3665 Closs.
628 3620 804 3678 respondimus.
829 3621 852 3669 3)
863 3619 1013 3665 A.-lalius.
1038 3618 1186 3670 limitrbl
1219 3624 1232 3637 ¹

138 3696 323 3749 ,llbvslmnl
360 3695 663 3752 traquodsuniperen.
702 3697 723 3753 7)
738 3698 766 3741 Α.
777 3695 924 3741 festinantia.
961 3695 1185 3755 smel-planu

139 3775 162 3825 9)
174 3775 203 3817 Α.
218 3771 301 3817 nolim.
350 3773 383 3822 10)
397 3771 425 3814 Α,
440 3770 453 3798 ⁴
468 3773 554 3813 Anien.

142 3908 370 3923 Μ

187 4007 210 4057 *l
225 4006 256 4057 e.
270 4005 291 4052 l.
304 4005 360 4060 tuln.
373 4004 417 4050 llo.
504 4020 512 4027 -
