2586 4696
118 313 161 386 16
600 322 690 386 1530.

114 475 275 539 Ecclesiae
287 478 433 550 cogitant,
451 478 496 535 sic
508 478 682 534 afficiuntur.
716 477 773 534 Sed
785 477 911 534 valeant.
944 475 1094 548 Magister
1102 475 1173 533 ὕοι.

116 568 200 622 claim
225 569 303 624 misit
327 586 449 642 carycas
478 588 532 625 seu
559 562 693 641 daccylos
722 581 751 625 et
775 586 893 642 passas,
920 569 1105 640 scripsitque
1128 566 1172 625 bis

117 657 239 715 Graece
257 660 291 713 ad
303 676 362 715 me.
396 658 451 713 Sed
470 677 525 729 ego
539 676 607 713 cum
621 660 772 714 restinuus
787 661 890 726 fuero,
907 658 1037 713 scribam
1054 658 1082 713 ei
1095 658 1172 714 Tur.

117 750 200 817 cicc,
218 760 251 805 ut
265 760 297 804 et
314 750 377 820 ipse
395 748 487 818 legat,
505 767 581 821 quae
600 767 660 804 non
678 749 825 818 iaslelligat.
861 749 962 823 Quare
980 748 1061 803 enim
1078 744 1188 805 adms'

117 839 236 895 Graece
252 840 375 896 scribit?
408 841 555 896 Desinsm
572 841 639 906 hic,
661 840 731 894 alias
747 840 852 908 latius,
879 857 915 895 ne
933 841 1100 895 residentes
1114 852 1172 897 sur.

47 916 51 923 ⁴
115 928 170 985 bas
187 931 291 1001 capitis
303 930 361 984 mei
374 930 471 987 denuo
484 930 609 998 irritem,
621 930 686 1000 jam
696 930 781 985 valde
795 929 961 985 irritabiles.
993 929 1062 1001 Ego
1077 940 1172 987 nmen

116 1039 191 1090 oro,
209 1033 311 1076 etvos
330 1032 421 1076 orate.
461 1072 464 1077 .

182 1126 395 1182 Libentissime
418 1126 608 1198 scripsissem
630 1125 763 1198 Principi
787 1127 835 1192 (ut
865 1136 897 1181 tu
918 1125 982 1194 vis)
999 1126 1115 1197 juniori
1137 1114 1176 1183 ds*

115 1214 307 1283 Macedone,
337 1228 367 1270 et
390 1216 517 1284 scraiori,
550 1215 697 1287 vobisque
722 1215 880 1284 omnibus,
909 1215 963 1271 sed
987 1216 1095 1273 facum
1119 1232 1173 1273 suo

114 1317 263 1377 tempore.
297 1305 450 1361 Dominus
474 1306 511 1360 sit
527 1305 695 1362 vobiscum.
728 1305 787 1360 Sed
809 1305 884 1362 heus
907 1314 958 1374 tu,
983 1306 1067 1379 quod
1089 1306 1173 1363 ubine

116 1396 274 1463 volebam,
296 1395 379 1461 vide,
404 1406 437 1450 ut
453 1410 522 1449 meo
545 1395 686 1466 exemplo
710 1405 798 1467 caput
813 1407 898 1450 tuum
921 1396 1038 1467 perdas.
1073 1394 1173 1469 iisque

117 1504 174 1554 ego
191 1486 335 1539 mandabo
353 1484 405 1539 tibi
424 1495 454 1540 et
471 1485 608 1541 sodalitio
626 1471 784 1553 universo,
801 1496 834 1540 ut
847 1486 905 1539 sub
922 1485 1110 1542 anathemate
1124 1502 1174 1543 oo·

117 1585 186 1646 gant
208 1588 237 1630 ts
262 1577 289 1629 in
312 1575 427 1644 regulas
450 1575 588 1630 servandi
612 1575 782 1645 corpusculi
804 1577 863 1640 tui,
887 1593 925 1630 nc
948 1576 1001 1632 lias
1024 1576 1172 1633 homicida

117 1668 177 1731 tui,
204 1677 234 1720 et
258 1665 349 1734 lingas
373 1678 477 1735 postea
501 1663 649 1735 obsequio
665 1664 725 1718 Dei
751 1663 779 1718 id
800 1665 873 1720 lieri.
908 1666 978 1720 Deo
1001 1668 1089 1723 etiam
1112 1668 1171 1723 otio

117 1756 263 1828 servitur,
288 1755 349 1810 imo
367 1755 445 1808 nulla
463 1771 494 1808 re
514 1754 622 1822 magis,
648 1770 737 1824 quarn
761 1732 834 1809 oxtio.
869 1755 943 1809 Ideo
967 1758 1048 1811 enim
1073 1758 1172 1813 asbbr.

115 1844 204 1901 muln
221 1845 315 1898 voluit
330 1855 389 1899 taan
407 1843 496 1911 rigide
509 1859 578 1914 prae
596 1842 720 1896 caeteris
737 1844 859 1898 servari.
894 1843 979 1911 vide,
993 1864 1031 1900 ne
1043 1858 1171 1903 contem.

116 1952 181 1996 nas.
214 1934 350 1992 Verbum
363 1934 423 1989 Dei
440 1943 484 1988 est
500 1932 583 2005 quod
599 1931 711 1987 scribo.
728 1935 753 2000 ¹)
788 1936 829 1989 12.
847 1934 939 2004 Maii,
956 1936 1126 1993 MDXXX.

812 2040 960 2098 Manium
979 2042 1144 2101 Lussrerus.

381 2226 909 2266 ..-.-..-.-ι.-.-.

152 2411 194 2466 15.
212 2405 302 2474 illas.
830 2398 834 2407 ’
906 2405 964 2463 N0.
981 2407 1142 2469 MCCXII.

464 2557 512 2626 lla
536 2553 824 2633 nerianum.

178 2714 219 2765 sn.
233 2713 275 2768 ssu
288 2713 337 2760 lan
349 2713 377 2768 a.
391 2713 471 2767 arnul
484 2713 519 2760 aar
532 2711 653 2762 madridi
665 2719 711 2760 aaa
724 2714 773 2761 arn
787 2715 847 2765 asar
860 2714 935 2767 sciuri
947 2718 1111 2772 amariorum

521 2786 609 2834 iilum
624 2786 770 2840 anicinum.

570 2926 713 2939 Q

140 3021 194 3070 alal
207 3021 245 3068 arr
264 3026 319 3067 asra
332 3020 531 3074 &missilium
544 3022 691 3076 &scauriana
705 3032 731 3075 aa
745 3021 869 3080 bairaina
881 3025 922 3078 lau
935 3024 1050 3086 &dise
1062 3028 1092 3075 11.
1106 3028 1147 3077 ΒΞ

119 3154 247 3225 Optimo
260 3153 362 3222 Viro,
379 3153 447 3209 Dn.
458 3152 612 3226 Philippo
625 3154 853 3225 Melcumani,
869 3173 960 3213 seruo
972 3164 1003 3213 et
1017 3158 1168 3234 discipulo
1198 3172 1203 3217 l

471 3243 608 3312 Christi,
624 3261 682 3298 suo
690 3242 814 3315 fratri.
1197 3262 1203 3305 ι

118 3362 173 3451 G·
197 3416 227 3462 et
248 3406 287 3462 P.
311 3406 340 3460 in
364 3405 511 3460 Domino.
545 3405 605 3461 Has
630 3406 682 3461 tibi
706 3408 805 3464 literas
822 3410 898 3480 jussi
919 3412 1050 3473 seorsim
1073 3404 1203 3481 masnil

116 3498 158 3551 sni
175 3496 332 3568 Plailippe,
355 3495 501 3566 quianon
520 3496 698 3551 occurrebat
714 3498 769 3552 alia
786 3500 859 3554 rasio
877 3501 981 3569 agendi
997 3518 1069 3559 oum
1084 3502 1170 3561 ,ΙΝ
1190 3492 1203 3561 'l

116 3588 207 3648 Jona.
240 3586 289 3641 'l‘u
314 3583 448 3652 curabis,
473 3596 523 3653 ut,
547 3599 690 3657 quantum
711 3588 773 3642 lieri
791 3598 911 3661 polest,
935 3590 1042 3649 leviter
1062 3596 1203 3667 cogno-l

116 3691 180 3733 sest
197 3678 232 3730 de
250 3676 356 3729 infante
374 3675 501 3730 sublato.
536 3675 645 3729 Scribit
662 3676 689 3731 ei
707 3694 785 3732 uxor
807 3692 836 3733 et
852 3680 999 3751 famulus,
1023 3695 1171 3755 aegrotare
1200 3696 1203 3737 l

118 3768 240 3840 quidem
257 3780 399 3837 puerum,
419 3764 472 3818 sed
490 3763 590 3819 verbis
607 3764 678 3821 satis
695 3778 824 3823 mortem
840 3769 1069 3831 detestantibus.
1102 3774 1171 3833 Mu
1197 3788 1202 3821 ³

169 4006 190 4057 a)
211 3999 285 4047 codd.
300 3997 393 4049 illane
407 3994 478 4052 ralc,
491 3994 562 4043 datae
576 3994 623 4045 dle
