2586 4696
498 381 525 395 ,.
598 322 689 395 1530.
1114 268 1172 415 m

113 433 310 540 Giatm‘n
324 497 431 555 pacem
446 482 477 540 in
493 479 626 539 Uiriato.
661 481 808 559 Quamvis
825 498 937 540 nomen
953 498 1055 540 meum
1071 483 1111 541 sit
1132 485 1177 542 in.

115 570 234 638 fisum,
252 564 326 628 adeo
343 580 377 628 ut
391 563 491 627 vereri
508 588 617 643 cogar,
638 589 676 627 nc
693 572 764 628 satis
781 581 847 628 tuto
864 573 1044 646 recipiantur
1059 577 1086 640 ¹)
1110 590 1126 628 a
1145 583 1176 630 ta
1198 578 1202 585 '

115 670 147 717 et
162 661 316 732 legantrrr,
333 662 447 738 optime
464 660 639 730 Ludovice,
655 677 729 734 quas
745 663 832 717 mitto
848 662 965 719 literas:
985 663 1059 718 vicit
1076 673 1175 720 tamen

114 748 195 806 hanc
211 749 401 823 formidinem
419 747 504 805 amor
519 750 670 820 musicae,
694 760 797 822 quate
814 751 902 805 video
920 761 1056 807 ornatum
1076 762 1106 807 et
1123 753 1179 807 do.

115 850 219 895 natum
241 855 257 893 a
277 838 351 894 Deo
372 854 453 896 meo.
494 839 556 915 Qui
582 855 668 895 amor
687 855 773 913 spem
790 857 913 913 quoque
936 842 1025 910 facit,
1055 843 1121 898 fore
1143 851 1178 898 ut

114 931 190 986 nihil
207 929 330 1002 periculi
347 932 407 989 siut
422 929 475 985 obt
491 931 630 986 allaturae
645 930 749 987 literae
766 948 865 987 meaec
892 933 959 1004 quis
979 935 1058 989 enim
1075 934 1123 989 vel
1147 935 1177 989 in
1267 940 1270 947 ’

116 1021 232 1077 Tuscia
244 1022 408 1093 vituperet,
426 1021 451 1076 si
469 1029 548 1098 amet
564 1032 657 1076 artem
675 1034 704 1076 et
715 1022 814 1077 laudet
830 1021 994 1078 artificem?
1028 1023 1094 1094 Ego
1106 1039 1177 1078 sane

116 1112 201 1184 ipsos
228 1119 297 1166 tuos
312 1112 420 1167 Duces
443 1104 608 1182 Ba'variae,
626 1123 659 1168 ut
682 1114 813 1169 maxime
834 1113 908 1168 mihi
932 1113 1176 1186 parum-'propitii

116 1202 198 1272 sint,
211 1200 410 1276 uehementer
424 1212 524 1266 tamen
540 1198 628 1259 laudo
645 1212 674 1259 et
685 1205 755 1259 colo
773 1220 843 1276 prae
861 1203 1004 1270 caeteris,
1021 1202 1102 1275 quod
1112 1218 1179 1257 mu.

117 1285 213 1348 sicar'u
237 1291 276 1346 ita
299 1293 404 1347 fovent
425 1302 456 1347 et
471 1292 502 1361 ²)
523 1290 684 1348 honorant.
722 1293 833 1366 Neque
855 1293 977 1349 dubium
1000 1303 1063 1362 eet,
1087 1293 1179 1349 multa

115 1382 230 1438 nmina
246 1381 394 1438 bonanun
409 1384 554 1438 virtutum
572 1383 601 1438 in
616 1383 665 1439 his
683 1383 787 1440 animia
805 1399 892 1453 esse,
916 1385 967 1456 qui
983 1385 1100 1440 musica
1120 1383 1178 1439 alli.

117 1472 253 1528 ciunturr
271 1472 321 1544 qni
339 1489 413 1528 vero
430 1488 491 1529 non
509 1473 688 1543 alliciuntur,
711 1475 825 1529 truncis
843 1484 872 1529 et
888 1474 1031 1546 lapidibus
1054 1472 1179 1530 arbitror

116 1562 287 1618 simillimos
305 1578 385 1618 esse.
419 1560 535 1619 Scimus
560 1563 639 1618 enim
655 1560 790 1619 musicen
806 1564 1002 1620 daemonibus
1026 1565 1113 1619 etiam
1135 1564 1178 1619 in.

116 1652 213 1708 visam
230 1660 261 1708 et
277 1650 493 1707 intolerabilem
510 1669 592 1710 esse.
622 1651 665 1708 Et
681 1654 770 1722 plane
780 1652 904 1722 judico,
919 1669 977 1707 nec
990 1652 1082 1725 pudet
1097 1667 1189 1720 asse,

117 1757 201 1811 rere,
218 1751 291 1814 post
306 1720 488 1812 theologibm
505 1758 576 1798 esse
586 1741 697 1798 nullam
715 1751 828 1817 artem,
845 1756 922 1815 quae
935 1744 1066 1798 musicae
1083 1744 1181 1815 possit

118 1830 256 1905 aequari,
274 1847 345 1886 eum
361 1831 424 1904 ipsa
441 1831 505 1888 sola
517 1842 587 1903 post
603 1821 786 1902 theologiam
801 1832 831 1887 id
845 1841 990 1906 praestet,
1008 1834 1090 1904 quod
1107 1833 1181 1889 alio.

117 1921 171 1994 qui
183 1921 248 1978 sola
260 1920 410 1991 theologia
423 1931 567 1991 praestat,
584 1921 704 1976 scilicet
715 1922 847 1993 quietem
864 1932 894 1977 et
911 1921 1042 1977 animum
1058 1924 1178 1993 laetum,

117 2011 279 2067 manifesto
300 2020 494 2080 argumento,
524 2010 605 2082 quod
628 2009 798 2080 Diabolus,
830 2027 969 2066 summm
993 2011 1123 2067 tristium
1149 2021 1180 2068 ct

116 2101 274 2156 turbarum
290 2099 490 2172 inquietorum
507 2109 608 2168 autor,
626 2100 662 2154 ad
674 2115 783 2155 vocem
794 2101 925 2155 musicae
934 2118 1029 2173 paene
1046 2101 1181 2159 similiter

117 2191 228 2262 fugiat,
245 2189 325 2245 sicut
340 2191 416 2260 fugit
432 2189 468 2244 ad
484 2189 610 2244 verbum
627 2189 807 2260 theologiae.
840 2191 916 2248 Hinc
933 2192 1045 2248 iactum
1062 2202 1124 2261 est,
1147 2202 1181 2249 ut

115 2281 283 2355 prophetae
300 2280 380 2337 nulla
397 2281 443 2337 sic
465 2290 528 2335 arte
546 2280 607 2336 sint
625 2280 671 2335 usi
695 2290 729 2334 ut
745 2281 876 2351 musica,
902 2283 973 2337 dum
991 2298 1076 2338 suam
1093 2283 1181 2339 theo.

116 2372 227 2444 logiam
237 2387 299 2431 nou
317 2370 347 2426 in
357 2370 571 2442 geometriam,
588 2387 649 2426 non
665 2370 694 2425 in
709 2371 946 2441 arithmeticam,
964 2389 1025 2428 non
1042 2373 1070 2428 in
1086 2382 1180 2428 astro.
1253 2386 1260 2397 ·

116 2463 268 2530 nomiam,
292 2461 346 2517 sed
363 2462 394 2518 in
410 2461 555 2517 musicam
572 2448 773 2531 digesserunt,
796 2471 829 2517 ut
845 2461 1023 2532 theologiam
1043 2473 1072 2518 et
1088 2463 1180 2518 musi.

117 2571 185 2608 cam
207 2553 353 2609 baberent
375 2552 654 2622 conjunctissimas,
678 2552 833 2608 veritatem
857 2552 980 2624 psalmis
1003 2561 1034 2606 et
1055 2553 1177 2610 canticis

117 2644 265 2699 dicentes.
299 2643 358 2698 Sed
380 2643 451 2715 quid
474 2659 530 2712 ego
547 2641 685 2696 musicen
702 2658 782 2695 nunc
800 2641 904 2707 laudo,
927 2643 957 2696 in
980 2651 1039 2696 tam
1057 2654 1177 2712 angusta

117 2734 254 2788 chartula
272 2743 379 2801 tantam
394 2749 457 2786 rem
471 2732 607 2804 pingere,
625 2732 673 2785 vel
692 2732 790 2802 potius
809 2731 929 2786 foedare
944 2735 1088 2788 conatus?
1122 2731 1177 2788 Sed

119 2824 247 2878 abundat
264 2832 294 2877 et
311 2820 413 2876 ebullit
431 2821 476 2876 sio
494 2821 618 2875 allectus
636 2834 723 2874 meua
741 2821 768 2874 in
786 2819 878 2886 illam,
898 2837 973 2894 quae
991 2837 1039 2875 me
1058 2821 1176 2895 saepius

118 2912 304 2984 refrigeravit
321 2921 351 2966 et
368 2911 480 2981 magnis
497 2907 641 2966 molestiis
658 2907 803 2965 liberavit.

183 3023 279 3090 Ad'te
297 3035 388 3088 redeo
406 3044 435 3088 et
451 3049 524 3101 oro,
541 3033 566 3087 ai
585 3032 654 3104 quid
672 3030 766 3087 habes
782 3033 935 3105 exemplar
951 3033 1036 3090 istius
1053 3034 1175 3091 cantici:

118 3124 155 3180 ln
174 3140 248 3196 pace
271 3125 300 3179 in
325 3123 354 3178 id
382 3124 497 3195 ipsum,
519 3122 592 3177 mihi
618 3121 776 3203 transcribi
798 3133 828 3178 et
845 3123 919 3178 mitti
938 3139 1037 3180 cures.
1070 3125 1177 3181 Tenor

118 3215 199 3272 enim
224 3214 280 3270 iste
303 3230 319 3268 a
337 3214 494 3284 juventute
520 3230 569 3267 me
594 3211 765 3280 delectavit,
792 3222 819 3267 et
843 3230 923 3269 nunc
947 3216 1042 3271 multo
1065 3216 1176 3287 magis,

117 3317 279 3378 postquam
296 3315 326 3359 et
341 3303 433 3358 verba
456 3302 595 3372 intelligo.
629 3302 700 3358 Non
726 3303 804 3357 enim
821 3303 881 3359 vidi
898 3320 962 3359 eam
985 3305 1175 3378 antiphonam

116 3397 244 3452 vocibus
262 3393 397 3467 pluribus
410 3394 616 3466 compositam.
649 3393 732 3449 Nolo
750 3404 848 3449 autem
864 3404 894 3450 te
912 3412 1033 3464 gravare
1049 3415 1177 3472 compo.

116 3486 206 3542 nendi
229 3484 350 3551 labore,
374 3484 426 3541 sed
451 3499 608 3556 praesumo
634 3492 663 3538 tc
689 3483 801 3538 habere
826 3484 939 3539 aliunde
964 3489 1173 3559 compositam.

117 3579 213 3650 Spero
230 3591 316 3643 sane,
335 3574 424 3630 linem
435 3575 512 3628 vitae
525 3585 610 3627 meae
627 3571 754 3637 instare,
771 3584 800 3628 et
815 3576 943 3632 mundus
955 3593 1003 3632 me
1021 3579 1100 3647 odit,
1117 3594 1175 3634 nec

117 3668 196 3721 serre
220 3675 333 3735 potest:
357 3679 413 3732 ego
439 3678 541 3716 rursus
558 3662 703 3716 mundum
727 3663 845 3719 l'astidio
871 3674 900 3720 et
922 3666 1068 3723 detestor:
1091 3668 1175 3724 tollat

118 3759 216 3829 itaque
242 3756 368 3810 animam
386 3769 482 3808 meam
499 3762 603 3824 pastor
625 3752 752 3823 optimus
774 3764 804 3809 et
821 3752 923 3810 fidelia.
959 3755 1077 3814 ldcirco
1094 3755 1174 3814 hanc

119 3897 645 3925 W

167 4009 188 4057 t)
201 4003 298 4050 Auris.
313 4001 468 4060 accipiantur.
517 4003 540 4054 2)
556 4001 614 4048 cod.
625 4002 669 4051 tat.
684 4001 802 4050 faventes.
