2594 4696
181 304 254 401 ἱ101
673 308 768 383 lidi.

247 466 326 524 Nec
342 465 738 542 101111111’11111111111.1111
756 459 1010 543 1111111,“111111111’1
1026 458 1199 526 [enricum
1211 459 1253 523 'dd

192 557 282 613 111111
300 570 421 616 mortuo
438 562 539 634 loqui,
565 578 664 634 neque
686 563 772 617 1111111
791 563 983 618 concordiem
1005 561 1162 632 utriusque
1177 558 1253 629 legis

191 650 348 721 prol‘·erre,
365 653 539 720 praesertim
558 669 634 723 quae
647 654 723 708 satis
744 652 779 707 ad
797 653 957 708 sedandam
974 651 1189 706 conscientiam
1207 649 1252 703 sit.

190 737 239 792 Ad
256 736 414 794 turbandae
426 755 501 794 vero
517 737 718 797 conscientias
730 741 798 813 quis
815 753 875 796 11111
893 741 1031 796 indoctus
1048 750 1112 809 est,
1129 739 1181 813 qui
1191 754 1253 795 non

192 828 290 957 possit
308 828 417 944 uliquid
434 829 544 901 fingere
562 831 611 885 vel
627 832 796 887 somniare?

208 948 335 1014 illud
348 976 471 1032 quoque
482 960 640 1030 frivolum,
659 962 740 1033 quod
758 970 1015 1031 argumentantur,
1032 974 1072 1015 ex
1089 957 1156 1029 lege
1168 957 1255 1012 Deu.

191 1049 350 1104 terouornii
375 1050 479 1122 sequi,
506 1051 587 1122 quod
612 1051 717 1123 aliquis
743 1063 849 1124 posset
873 1052 922 1105 vel
946 1060 1103 1120 cogeretur
1128 1049 1159 1106 111
1181 1064 1254 1105 casu

192 1137 281 1194 filiam
302 1156 385 1195 suam
404 1139 531 1210 ducere,
549 1153 583 1195 ut
600 1142 625 1196 si
637 1141 781 1197 Othoniel
795 1153 930 1197 mortuus
946 1141 1114 1212 reliquisset
1126 1155 1256 1195 uxorem

164 1228 327 1283 xrdchsam
356 1228 444 1284 11111111
472 1229 562 1285 Culeb
586 1228 684 1286 fra'tris
713 1231 775 1300 sui,
805 1216 928 1286 euectus
952 1230 1061 1286 fuisset
1083 1229 1194 1296 Culeb,
1223 1237 1258 1284 ut

191 1320 284 1374 frater
296 1317 485 1389 Othouielis,
503 1318 614 1375 ducere
631 1321 726 1393 ipsam
738 1321 827 1376 liliam
837 1320 999 1393 propriam.
1034 1319 1112 1396 Quis
1126 1319 1178 1374 hic
1194 1336 1255 1376 uon

190 1409 272 1478 videt
289 1409 418 1485 studium
435 1411 638 1482 patrocinandi
656 1412 747 1465 rusiae
766 1428 891 1480 causae,
918 1412 1091 1483 quasivero
1109 1410 1254 1478 nesciant,

190 1498 272 1572 quod
284 1500 335 1555 lex
348 1499 486 1572 superior
496 1499 579 1556 tollat
596 1500 786 1568 inferiorem,
804 1512 837 1557 ut
848 1501 901 1556 lex
913 1490 1152 1556 circumcisionis
1166 1500 1258 1555 violet

191 1589 288 1661 legent
306 1589 460 1658 sabbathi,
476 1577 625 1647 Johannis
645 1590 715 1647 vll.
733 1591 783 1646 ubi
801 1591 939 1667 Christus
957 1591 1021 1664 ipse
1039 1592 1187 1664 disputat,
1201 1591 1259 1646 ho.

190 1679 303 1735 minem
315 1678 488 1735 circumcidi
506 1679 535 1734 in
551 1677 714 1749 sabbatho,
732 1681 813 1752 quod
829 1691 877 1751 est
894 1681 957 1737 tolli
973 1696 1028 1736 seu
1046 1681 1170 1751 impune
1187 1697 1260 1754 pec.

193 1786 265 1825 care
281 1771 311 1825 iu
327 1771 425 1841 legent
440 1769 592 1835 sabbathi,
609 1787 647 1825 ue
664 1771 694 1825 iu
710 1769 807 1840 legem
820 1770 1076 1840 circumcisionis,
1095 1787 1173 1841 quae
1190 1783 1259 1827 tutte

192 1858 289 1930 legem
302 1858 438 1915 sabbathi
455 1874 495 1915 ex
506 1845 638 1933 patribus
651 1859 721 1928 fuit,
739 1868 892 1933 peccetur.
927 1859 1009 1934 Quid
1019 1861 1133 1919 multa?
1150 1870 1259 1917 uotum

192 1961 259 2016 est,
277 1950 359 2022 quod
376 1948 499 2004 inferior
516 1950 565 2003 lex
582 1964 612 2002 et
629 1947 780 2018 legislator
790 1965 851 2004 non
869 1949 966 2021 possit
982 1950 1123 2005 claudere
1134 1966 1256 2006 menum

193 2039 357 2112 superioris
372 2038 445 2107 legis
463 2046 493 2092 et
508 2036 705 2108 legislatoris,
723 2037 778 2093 sed
793 2055 987 2112 unaquaeque
999 2039 1050 2096 lex
1066 2049 1098 2096 et
1109 2040 1255 2113 cujusque

192 2127 369 2196 legislatoris
387 2127 525 2182 consistit
549 2126 577 2180 in
595 2126 723 2180 termino
741 2128 896 2198 potestatis
914 2126 968 2184 sibi
989 2145 1006 2183 1
1022 2128 1094 2184 Deo
1112 2129 1254 2198 donatae,

182 2232 225 2273 ·ut
240 2230 324 2290 pater
341 2219 462 2272 familias
475 2217 576 2275 statuit
592 2217 672 2288 leges
690 2216 814 2273 familiae
832 2230 862 2274 et
875 2219 982 2276 domus
1001 2237 1091 2290 suae,
1110 2233 1256 2295 quatenus

193 2326 245 2365 sua
263 2320 395 2381 potestus
414 2318 502 2379 patet.
536 2306 730 2384 Magistratus
748 2326 822 2363 vero
845 2326 900 2364 seu
918 2310 1021 2366 civitas
1048 2312 1124 2368 illius
1143 2313 1256 2384 legibus

192 2418 253 2456 non
271 2400 296 2467 ¹)
314 2383 418 2472 paret:
444 2398 498 2454 sed
514 2397 635 2469 subjicit
662 2414 731 2451 eum
750 2399 878 2469 politicis
900 2401 1031 2471 legibus,
1059 2404 1096 2457 ita
1122 2416 1155 2459 ut
1180 2420 1255 2476 opus

191 2491 297 2560 suerit,
323 2489 390 2560 cogi
408 2505 477 2542 eum
503 2504 571 2542 cum
589 2485 702 2556 legibus
720 2489 834 2557 seriari,
862 2500 892 2544 et
908 2492 1038 2562 politicis
1062 2494 1176 2563 legibus
1195 2512 1258 2550 ser.

192 2584 266 2637 vire.
301 2581 348 2636 Sic
366 2596 419 2634 rex
443 2579 504 2634 suis
527 2576 643 2646 legibus
660 2576 829 2634 dominatur
851 2596 943 2649 regno
966 2597 1020 2636 seu
1039 2582 1166 2653 civitati,
1192 2602 1258 2657 per.

191 2673 312 2727 mittens
331 2668 466 2741 quidem,
483 2677 515 2722 ut
533 2667 572 2720 illi
590 2666 717 2736 propriis
733 2666 848 2737 legibus
868 2682 1045 2740 regnentur,
1070 2675 1122 2728 sed
1142 2675 1203 2743 sic,
1226 2685 1259 2730 ut

193 2764 269 2832 regis
286 2761 399 2830 legibus
416 2757 505 2814 salvis
530 2769 652 2832 pareunt
670 2758 750 2826 regi,
779 2767 808 2813 et
826 2776 886 2813 uon
913 2761 1060 2831 imperent
1078 2765 1167 2833 regiis
1190 2764 1258 2835 legi.

192 2852 261 2906 bus.
297 2853 344 2904 Sic
361 2849 449 2904 Deus
468 2848 611 2920 permittit
629 2847 776 2918 quoslibet
793 2850 996 2919 magistratus,
1022 2855 1083 2907 imo
1111 2855 1257 2928 approbat

192 2941 322 3015 propriis
341 2939 456 3007 legibus
481 2939 541 3003 uti,
567 2938 619 2992 sed
638 2937 718 2989 salva
743 2949 772 2991 et
795 2950 920 3010 excepta
938 2942 1090 2998 voluntate
1108 2960 1181 3013 sua,
1211 2948 1256 3000 cui

193 3031 303 3085 debent
329 3029 382 3101 ipsi
401 3028 509 3081 cedere
536 3043 605 3081 cum
623 3028 683 3081 suis
708 3027 823 3096 legibus
851 3039 880 3083 et
904 3030 1036 3094 obedire.
1071 3034 1114 3088 111
1138 3052 1258 3111 semper

193 3122 275 3190 leges
294 3119 458 3192 positivae,
476 3117 525 3171 ubi
537 3129 666 3187 pugnant
682 3134 752 3170 culn
770 3117 834 3187 lege
846 3118 906 3187 Dei
924 3133 974 3174 aut
990 3137 1129 3192 naturae,
1149 3127 1256 3181 cedunt

194 3211 266 3282 ipsis
292 3207 406 3279 legibus
430 3206 490 3264 Dei
516 3205 564 3259 vel
589 3216 707 3258 naturae
731 3217 764 3260 ut
790 3208 946 3279 superiori.
982 3209 1084 3284 Quare
1112 3231 1183 3270 curu
1210 3218 1257 3271 lex

193 3301 289 3356 Deut.
308 3300 347 3375 sit
364 3299 416 3352 lex
434 3296 576 3368 positiva,
603 3305 631 3347 et
648 3312 707 3349 non
725 3297 884 3366 naturalis,
910 3300 934 3352 si
958 3301 1090 3372 impingit
1116 3305 1145 3360 iu
1165 3308 1259 3380 aliqua

194 3407 281 3445 causa
299 3389 328 3443 in
355 3388 449 3456 legem
473 3396 611 3451 naturae,
637 3383 725 3439 debet
748 3387 855 3441 cedere
883 3399 912 3443 et
929 3389 1030 3444 locum
1048 3394 1117 3447 dare
1137 3396 1192 3464 legi
1210 3414 1258 3451 111

194 3474 298 3546 turne,
324 3487 357 3531 ut
374 3475 497 3530 inferior
514 3472 670 3544 superiori.
704 3472 745 3529 Et
762 3477 806 3530 sio
834 3478 921 3532 etium
939 3481 963 3534 si
981 3479 1046 3551 lege
1063 3484 1255 3543 Deuterono-

195 3572 245 3626 11111
270 3551 403 3624 videatur
427 3565 492 3631 cogi
518 3563 553 3617 111
580 3563 744 3619 ducendam
771 3565 857 3621 liliam
884 3568 1035 3640 Aclrsuur,
1064 3586 1165 3631 tamen
1190 3579 1256 3649 quia

194 3661 297 3718 Aclrsu
315 3675 375 3712 non
393 3667 435 3709 est
454 3652 629 3723 simpliciter
646 3669 725 3706 uxor
742 3655 840 3709 fratris
859 3657 905 3711 sui
925 3660 1057 3731 (proprie
1080 3665 1161 3719 enirn
1179 3669 1256 3723 acci.

195 3751 318 3828 piendue
336 3757 404 3802 suut
421 3760 514 3799 voces
532 3742 606 3812 legis
624 3754 653 3797 et
671 3744 877 3816 simpliciter),
901 3749 955 3804 sed
981 3752 1069 3807 etium
1087 3754 1164 3824 lilia,
1191 3758 1253 3818 ideo

197 3892 725 3924 „„......................

245 3971 266 4056 tt
280 3995 362 4051 mittet
376 4007 425 4043 non
440 3993 494 4048 11111
508 3992 664 4049 1111111111
678 3996 775 4044 11111111
