2586 4696
190 291 252 359 30²
480 363 483 368 f
672 291 765 362 1531.

188 448 355 525 baeredee,
371 448 436 507 boc
452 458 515 521 eat,
532 449 569 507 ed
586 453 753 524 quaerenda
768 450 864 519 bona,
882 448 918 507 ed
935 449 1098 521 aagendam
1115 458 1146 507 et
1157 446 1252 507 robo-

189 543 310 607 randam
328 557 392 596 rem
410 542 557 612 publicam
575 532 721 598 inetituta:
747 542 998 614 quemadmodum
1024 559 1127 612 agrum
1148 543 1252 598 colere

189 631 250 695 itto
268 645 299 688 et
316 632 373 688 lato
391 643 544 702 tempore,
568 633 616 688 tali
634 644 664 688 et
681 634 729 687 tali
748 635 823 702 ritu,
849 650 910 705 quo
931 632 1052 688 uberius
1070 632 1251 701 fructificet,

190 733 238 779 eat
254 740 327 777 vere
345 723 496 794 politicum
514 737 545 777 et
560 725 691 790 morale,
705 727 733 791 ¹)
751 726 819 795 quia
840 723 899 780 isto
915 739 1001 778 more
1019 734 1159 795 parantur
1176 737 1251 792 opes

189 825 221 871 et
237 814 454 870 oeconomicae
477 826 506 892 et
522 814 668 886 politicae.
684 815 715 880 ²)
749 814 894 886 Oportuit
916 814 1004 884 igitur
1018 815 1156 869 Judaeoa
1174 813 1253 868 banc

190 905 287 976 legem
311 922 373 961 non
396 906 495 961 minua
519 922 661 972 servare,
692 921 782 976 quam
805 906 891 960 aliam
917 921 1129 977 quamcunque
1137 944 1148 974 ,
1166 915 1204 960 et
1218 902 1251 980 3)

191 1007 293 1059 textus
316 996 423 1052 indicat
439 996 512 1052 eatis
531 997 631 1063 clare,
654 1012 723 1051 eece
740 996 823 1067 loqui
841 997 878 1050 de
895 997 1112 1052 conservandis
1132 995 1251 1051 familiia

190 1099 219 1146 et
235 1085 483 1151 haereditatibus,
501 1102 577 1157 quae
595 1095 677 1142 certe
693 1102 755 1142 non
772 1094 842 1141 eunt
858 1085 1066 1141 ceremonialia
1075 1095 1089 1154 ,’
1106 1087 1161 1141 aed
1178 1086 1253 1158 poli.

190 1177 247 1232 tica
265 1187 295 1230 et
315 1177 484 1231 necessaria
500 1176 634 1234 moralia.

235 1354 236 1358 ,
255 1302 297 1362 Ει
313 1304 476 1374 liniremur,
493 1320 604 1377 quaeso
613 1343 624 1374 ,
641 1303 737 1375 legem
752 1304 985 1361 Deuteronomii
1004 1306 1098 1360 sitisse
1116 1322 1255 1360 ceremo.

190 1394 317 1464 nialem,
340 1407 372 1449 ut
389 1393 438 1450 leti
455 1394 645 1465 cavillantur,
668 1395 816 1465 quidhoc
834 1395 869 1448 ad
887 1398 973 1452 rem?
1009 1396 1086 1450 Cum
1103 1395 1256 1450 nihilomi.

190 1499 251 1540 aue
269 1485 332 1540 boc
358 1495 434 1554 etet,
460 1483 542 1557 quod
566 1483 675 1540 Judaei
701 1485 758 1540 aab
781 1486 875 1541 Mose
901 1485 984 1541 iatam
1009 1484 1107 1557 legem
1132 1502 1255 1542 servare

191 1579 393 1647 cogebantur,
420 1574 500 1631 aicut
523 1574 785 1630 circumcisionem
811 1588 840 1630 et
866 1575 937 1631 aliae
963 1577 1161 1633 ceremoniae.
1194 1577 1257 1632 Re.

192 1659 402 1738 spondeant⁴l
418 1664 469 1732 hic
487 1665 592 1735 nobis,
610 1666 766 1738 quomodo
774 1664 882 1721 Judaei
900 1676 1037 1739 poterant
1049 1666 1160 1723 ducere
1177 1684 1258 1724 uxo.

190 1773 256 1813 rem
269 1757 366 1813 fratria
377 1756 500 1825 mortui,
519 1756 544 1812 ei
556 1756 741 1827 prohibitum
754 1757 888 1827 eratjure
901 1756 1001 1813 divino
1013 1757 1110 1814 Levit.
1120 1757 1258 1817 XVIII.?

190 1843 329 1917 Pugnant
346 1846 425 1902 enim
441 1845 515 1902 ittae
526 1846 601 1901 duae
612 1845 711 1921 leges,
730 1847 756 1902 ei
773 1858 899 1919 utraque
915 1835 1002 1902 etiam
1018 1846 1055 1902 de
1072 1849 1162 1903 tratre
1175 1865 1259 1904 mor.

104 1996 106 2001 ,
191 1929 246 1994 inc
271 1948 317 1993 eet
340 1934 536 2007 intelligenda.
570 1925 658 1992 Patet
678 1952 771 2008 ergo,
802 1935 885 2010 duod
907 1955 968 1994 non
993 1947 1075 1993 recte
1100 1938 1259 2013 inspiciant

191 2027 284 2083 verba
301 2036 331 2082 et
347 2037 492 2099 pertonat
508 2023 592 2096 legia.
626 2062 647 2080 .—

257 2149 287 2204 Si
303 2165 378 2203 vero
396 2148 589 2228 praetendere
606 2149 726 2215 volent,
741 2140 771 2215 ⁵)
793 2148 1000 2205 ceremonialia
1019 2164 1088 2206 ease
1103 2146 1259 2218 abrogata,

192 2250 220 2295 et
237 2238 360 2293 moralia
381 2238 546 2304 meneieae,
569 2237 636 2292 ideo
654 2236 751 2307 legem
770 2237 897 2294 Denter.
915 2256 977 2294 non
998 2238 1257 2308 servaretioere,

192 2330 247 2386 ted
264 2329 439 2383 servandam
458 2329 554 2396 legem
569 2325 716 2382 Leviticia
734 2327 864 2399 primum
881 2328 944 2384 hoc
961 2329 1059 2384 adhuc
1076 2337 1152 2397 etat,
1173 2331 1260 2401 quod

191 2416 300 2474 dudaei
325 2429 483 2491 utramque
505 2417 709 2487 servaverint,
733 2427 768 2473 ut
790 2418 862 2474 dixi.
897 2419 971 2474 Ideo
994 2429 1139 2490 cogentur
1161 2420 1210 2476 isti
1226 2412 1258 2487 ⁶)

191 2510 364 2566 necessario
388 2508 574 2576 concedere,
598 2507 735 2563 Jndeeoe
756 2524 816 2563 non
834 2525 976 2580 peccasse
1003 2510 1032 2565 in
1054 2511 1149 2580 legem
1166 2511 1260 2566 Levi.

192 2600 260 2667 tici,
290 2599 358 2655 ideo
385 2599 466 2671 qtaod
481 2590 513 2662 7)
541 2598 700 2654 servabant
726 2599 823 2668 legem
850 2599 1093 2656 Deuteronomii.
1137 2602 1259 2657 Deinde

193 2691 244 2763 qui
261 2685 291 2758 8)
315 2696 360 2746 aie
385 2688 530 2756 sentiunt,
557 2688 765 2744 ceremonialia
788 2705 854 2744 ease
880 2687 1038 2759 abrogata,
1064 2693 1146 2762 quod
1170 2693 1259 2747 nobis

193 2784 251 2835 tint
267 2781 418 2836 mortifera
436 2791 464 2834 et
481 2779 579 2834 illicita
597 2780 631 2833 ad
650 2779 847 2845 servandum,
865 2779 912 2847 inti
930 2797 991 2834 non
1002 2780 1113 2836 debent
1130 2783 1258 2852 allegare

193 2872 372 2926 contrariam
389 2870 485 2937 legem
501 2869 613 2936 l.evit.,
631 2868 685 2923 aed
703 2869 797 2939 ipsam
813 2868 1043 2937 abrogationem.
1077 2870 1170 2925 Nunc
1184 2891 1259 2928 vero

194 2969 321 3028 arguunt
345 2972 374 3013 et
392 2958 559 3029 procedunt
584 2958 846 3026 erchengarium,
874 2969 1019 3014 ettamen
1044 2960 1169 3028 allegant
1188 2979 1259 3017 con.

193 3051 313 3106 trariam
329 3048 425 3123 legem
444 3061 584 3120 tanquam
601 3048 807 3103 auctoritatem
824 3048 944 3115 Musis,
966 3050 1073 3104 facturi
1093 3054 1258 3107 sententiae

196 3157 267 3198 suae
287 3139 383 3194 fidem.
417 3138 474 3193 Sed
493 3138 554 3194 hoe
573 3139 639 3211 ipso
657 3138 803 3209 produnt,
828 3153 897 3194 sese
916 3155 975 3193 non
993 3141 1090 3195 studio
1108 3143 1259 3213 veritatis,

195 3233 250 3288 aed
274 3230 392 3285 libidine
410 3229 546 3284 vincendi
564 3228 607 3283 sic
624 3227 828 3298 sophisticam,
854 3238 884 3280 et
900 3228 1043 3283 fallaciam
1068 3230 1145 3284 illam
1172 3249 1260 3288 exer.

195 3335 280 3389 cent,
297 3336 386 3392 quam
403 3318 578 3373 Aristoteles
597 3329 684 3370 vocat
702 3334 723 3371 a
739 3333 806 3370 non
823 3332 922 3372 catera
940 3320 987 3372 cd
1002 3336 1144 3376 catastam.
1179 3323 1257 3379 Nam

121 3438 126 3445 ·
196 3412 254 3485 cub
273 3405 392 3478 Mose,¹
409 3409 460 3463 ubi
477 3409 609 3463 nondum
627 3417 688 3461 erat
704 3407 842 3475 abrogata
860 3409 910 3462 lex
928 3408 1178 3481 benennam,
1203 3432 1258 3470 nec

196 3501 347 3576 abnegatio
365 3501 466 3554 locum
492 3497 655 3571 argumenti
670 3497 765 3568 potuit
788 3498 877 3564 dare,
904 3516 1002 3569 neque
1027 3501 1125 3569 logum
1143 3519 1259 3559 contra.

197 3595 298 3660 rictas,
317 3608 386 3645 cum
400 3604 524 3661 attruque
537 3601 567 3642 et
578 3587 687 3642 valeret
701 3598 730 3641 et
743 3599 924 3642 servaretur.
959 3589 1041 3659 Ergo
1053 3593 1146 3646 multo
1161 3595 1256 3650 uriuus

201 3808 216 3890 ‚¹
246 3834 679 3899 ”Quo—moraleftnttlcuedt.
728 3836 751 3884 2)
766 3834 852 3880 tund.
868 3837 893 3880 et
906 3836 1081 3884 oeconomicae
1094 3839 1256 3896 etpolitirae,

197 3915 262 3967 emt
275 3925 335 3972 oper
348 3912 498 3967 tulttladm.
523 3910 625 3962 temet
639 3908 786 3956 oeconoma
799 3911 825 3955 et
837 3909 932 3965 politia.
975 3913 1119 3963 ¹deda-ut.
1161 3916 1257 3966 Μαι.

198 3989 356 4048 respondem.
399 3988 421 4037 5>
435 3983 613 4037 advolant..
647 3986 671 4035 di
685 3981 783 4036 aa..-
795 3981 865 4030 lati¹
890 3983 952 4038 llll·
967 3985 1039 4037 ‹ltm-¹
1056 3987 1257 4048 wedunam.
