2586 4696
184 304 247 399 sm
668 305 761 375 issi.

183 464 210 531 si
233 481 295 521 non
317 464 504 536 ignoremus,
531 466 601 540 qnid
625 473 708 522 eolre
732 475 886 539 praeterea
909 463 1070 535 significet,
1096 462 1151 521 sed
1177 464 1252 539 quie

182 553 401 627 amphibologia
418 573 538 630 semper
554 557 589 611 ad
601 558 782 612 deteriorem
793 559 966 612 sententiam
980 561 1113 627 spectat,
1131 555 1159 611 ei
1173 570 1249 611 casu

181 643 249 714 flat,
267 644 382 714 ignosci
400 658 516 717 potest,
534 646 558 701 si
577 647 673 701 studio
692 656 721 700 et
734 647 885 700 voluntate
898 646 1011 717 absque
1023 645 1247 714 misericordia,

180 741 214 789 ut
231 734 308 802 dixi,
327 734 550 789 condemnanda
566 744 621 790 est.
655 734 734 809 Quia
749 735 887 803 dogmata
900 735 965 788 lidei
978 743 1099 801 tenere,
1118 734 1249 789 arduum
1276 786 1279 790 .

180 831 212 877 et
234 821 366 877 divinum
389 838 465 895 opus
491 832 554 891 est,
585 822 698 877 etiamsi
729 822 859 893 propriis
889 832 920 876 et
943 822 1065 891 signatis
1096 832 1127 877 et
1151 822 1247 878 certis

179 912 281 968 verbis
305 912 474 968 tradantur:
503 913 658 983 quomodo
686 911 772 981 igitur
798 910 993 981 tenebuntur,
1022 912 1048 967 si
1076 911 1246 983 ambigitis,

179 999 277 1057 dubiis
295 1010 325 1056 et
341 1001 471 1071 obliquis
488 1001 589 1056 verbis
607 1001 782 1056 tradantur?

245 1120 275 1176 S.
292 1112 476 1192 Augustinus
492 1120 581 1189 dicit,
600 1120 799 1194 philosophos
820 1120 913 1176 libere
932 1120 1014 1193 loqui
1033 1121 1062 1177 in
1080 1121 1176 1177 rebus
1195 1121 1246 1178 dil.

178 1208 326 1279 licilibus,
344 1210 453 1265 nullam
463 1220 632 1265 metuentes
645 1211 860 1267 offensionem:
876 1223 905 1265 at
916 1228 973 1266 nos
986 1212 1112 1281 (inquit)
1131 1213 1168 1266 ad
1182 1229 1250 1267 cer.

106 1323 110 1330 ·
180 1309 241 1353 tam
258 1287 390 1370 regulam
408 1299 490 1371 loqui
507 1301 551 1354 las
574 1309 630 1354 est.
665 1299 752 1354 Unde
778 1309 812 1360 et,
824 1317 934 1355 vocem
951 1301 1036 1369 istam
1044 1300 1197 1371 fortuna
1219 1310 1249 1357 et

168 1385 285 1461 sotum
302 1387 506 1460 reprehendit,
529 1397 590 1443 tam
614 1390 644 1443 in
668 1389 808 1460 seipso,
834 1406 924 1462 quam
947 1390 976 1445 in
1002 1375 1083 1446 aliis(
1111 1391 1196 1447 Nem
1220 1393 1246 1449 ei
1287 1453 1288 1456 ,

177 1478 267 1533 etiam
292 1481 359 1551 quis
384 1479 533 1536 fortunam
560 1476 699 1547 intelligat
721 1488 853 1534 mentem
880 1479 1024 1547 divinam,
1052 1497 1131 1550 quse
1156 1472 1247 1537 facist

169 1578 283 1625 eontra
300 1585 390 1640 quam
408 1579 476 1624 nota
493 1576 541 1623 est
557 1578 676 1648 optutu,
703 1578 733 1623 et
750 1566 788 1623 ita
805 1585 865 1622 non
884 1568 972 1638 impie
992 1571 1116 1639 sentiat,
1142 1579 1246 1627 tamen

178 1658 262 1715 dicit:
288 1657 463 1714 sententiam
482 1667 597 1726 teneat,
623 1657 916 1727 linguam‘corrigat.
950 1661 1052 1729 Atque
1076 1648 1243 1729 fingamus,

180 1749 381 1818 Augustinum
398 1747 453 1801 ista
469 1762 568 1818 neque
585 1745 713 1811 dixisse,
733 1761 831 1817 neque
844 1746 896 1817 jue
914 1748 1060 1803 statuendi
1076 1748 1244 1820 habuisse,

177 1847 277 1913 tamen
295 1846 396 1892 natura
413 1835 517 1903 dictat,
533 1845 566 1888 ut
583 1849 778 1905 unaquaeque
792 1833 958 1905 professio,
977 1848 1038 1889 tum
1052 1849 1157 1904 sacra,
1176 1848 1242 1894 tunt

177 1928 318 2000 prolana,
341 1926 403 1980 suis
427 1924 516 1979 certis
536 1924 635 1978 verbis
654 1935 765 1992 utatur,
791 1933 821 1977 et
837 1923 972 1994 ambigue
994 1926 1076 1981 vitet.
1112 1927 1195 1983 Nam
1213 1937 1244 1985 et

178 2017 298 2072 sordide
315 2015 432 2070 artificia
449 2023 499 2069 sut
516 2022 640 2083 arguunt
657 2013 688 2067 tit
705 2014 862 2081 damnum,
888 2024 937 2069 aut
954 2015 1051 2074 rident
1063 2020 1099 2072 ‘ut
1113 2017 1242 2089 jocum,

131 2171 133 2176 ⁴
179 2107 204 2161 si
221 2107 323 2160 alienis
340 2104 473 2158 terminis
497 2104 545 2166 (nt
561 2104 685 2166 vocant)
709 2102 745 2155 de
763 2103 853 2158 rebus
872 2103 1009 2175 ipsorum
1024 2105 1174 2177 quispiam
1196 2110 1244 2165 lo·

179 2205 302 2270 quatur:
337 2203 449 2264 quanto
474 2191 566 2260 magis
594 2191 623 2246 in
647 2190 737 2246 rebus
764 2192 872 2260 sacris,
901 2192 952 2246 ubi
980 2195 1168 2251 certasalua
1193 2208 1245 2254 sat

178 2284 306 2362 perditio
324 2295 441 2337 aeterne
457 2280 614 2351 sequitur,
631 2281 722 2333 certis
744 2290 773 2335 et
795 2281 924 2353 propriis
948 2282 1049 2337 verbis
1069 2278 1245 2344 'docendum

180 2386 240 2430 est.
272 2371 423 2446 Ludamus
446 2369 673 2442 amphibologiis
698 2370 726 2423 in
751 2370 842 2425 rebus
866 2371 929 2428 aliis
954 2372 1089 2441 levibus,
1116 2386 1151 2430 ut
1174 2387 1246 2433 sunt

181 2478 288 2532 prices,
305 2478 405 2533 poma,
422 2459 532 2514 denarii
544 2469 574 2513 et
586 2459 696 2514 similes
708 2475 873 2530 puerorum
886 2471 914 2514 et
926 2460 1085 2516 stultorum
1098 2465 1243 2524 deliciae:

180 2555 210 2608 in
227 2552 366 2622 religione
385 2560 413 2603 et
430 2548 528 2603 causis
546 2546 683 2617 gravibus
701 2548 818 2617 politiae
840 2549 1033 2619 amphibolon
1052 2568 1108 2606 ceu
1127 2555 1244 2613 Diabo.

180 2644 243 2705 ium
261 2656 291 2698 et
306 2652 435 2696 mortem
452 2639 615 2708 fugiamus,
632 2647 774 2708 quantum
793 2639 854 2692 lieri
872 2649 980 2710 potest.

245 2768 286 2818 At
303 2774 406 2818 noster
423 2776 478 2815 rex
495 2751 681 2831 amphibolus
707 2760 791 2814 sedet
815 2761 842 2814 ln
868 2760 977 2816 throno
1002 2763 1243 2836 amphibologiae

181 2871 325 2922 securus,
353 2864 382 2906 et
399 2851 508 2922 duplici
527 2850 700 2905 contritione
719 2852 847 2904 conterit
865 2867 921 2905 nos
944 2854 1078 2922 stupidos
1103 2855 1244 2913 christia-

181 2961 249 3000 nos.
282 2941 387 2998 Primo
405 2941 485 3007 vult,
504 2950 534 2993 et
552 2956 653 3007 magna
671 2938 807 3009 voluptas
826 2953 888 3006 est,
910 2942 1054 3011 ambiguis
1074 2944 1137 3000 suis
1156 2947 1242 3003 dictis

181 3051 239 3090 nos
256 3032 424 3098 offendere,
441 3030 583 3102 noletque
602 3045 661 3082 non
678 3028 788 3083 offendi
803 3028 875 3084 istos
888 3043 1022 3086 truncos.
1057 3034 1178 3090 Deinde
1192 3038 1242 3093 ubi

184 3124 278 3180 sensit
294 3138 349 3177 nos
366 3122 516 3185 offensos,
542 3129 572 3174 et
591 3117 748 3189 impegisse
767 3119 796 3171 in
814 3118 970 3174 insidiosas
990 3121 1113 3191 figuras,
1134 3136 1165 3180 et
1181 3128 1243 3181 ela.

181 3231 264 3269 mare
282 3223 385 3265 contra
403 3225 488 3263 eum:
515 3208 553 3262 ibi
573 3209 650 3262 serio
670 3209 832 3277 triumphat
855 3218 884 3263 et
905 3211 1025 3279 gaudet,
1040 3214 1195 3271 incidisse
1212 3219 1242 3273 in

183 3321 257 3359 suos
281 3314 381 3356 casses
405 3297 542 3369 praedam
565 3298 694 3367 peritam.
729 3297 808 3352 Nam
834 3299 871 3351 ihi
897 3301 1012 3354 inventa
1038 3304 1243 3362 rhetoricaudi

182 3392 360 3457 occasione,
385 3388 468 3442 irruit
486 3402 649 3456 supernos
669 3387 780 3455 inagnis
799 3387 910 3442 viribus
927 3400 957 3443 et
975 3391 1176 3464 clamoribus,
1201 3398 1242 3451 la.

183 3499 307 3550 ceraue,
333 3477 497 3548 flagellans,
522 3475 698 3541 crucifigens
724 3487 752 3529 et
770 3476 845 3530 ultra
862 3479 960 3530 onmia
977 3491 1083 3535 tartara
1100 3484 1240 3555 mittens,

182 3573 263 3648 quod
280 3568 480 3633 calumniose,
499 3565 676 3631 virulenter,
700 3568 826 3619 satanice
844 3569 931 3635 (etsi
949 3570 1019 3639 qnid
1040 3573 1126 3640 pejus
1146 3579 1241 3631 nomi.

182 3662 247 3720 nari
263 3657 381 3735 posset)
404 3658 469 3726 ejus
487 3655 576 3709 verba
594 3654 846 3723 intellexerimus,
872 3673 948 3727 quae
967 3669 1065 3714 tamen
1089 3663 1133 3718 sic
1158 3666 1240 3720 inid·

183 3755 261 3811 lecta
278 3747 372 3806 voluit
389 3756 448 3800 etc.

247 3867 312 3922 llac
324 3858 475 3932 tyrannide
487 3854 609 3909 mirilico
627 3855 711 3925 (quis
724 3855 839 3922 credar,
859 3864 971 3911 tantum
984 3863 1239 3930 posse'dominsm

181 3959 268 4018 iatam
280 3945 538 4025 amphibologiam,
556 3954 606 4011 aut
616 3944 681 4015 quis
692 3944 837 4016 suspicari
848 3957 966 4018 posset,
979 3949 1072 4006 ullum
1083 3952 1238 4013 hominem
