2586 4696
599 313 692 393 ttstt
1112 307 1180 381 ⁴69

115 466 296 524 consutilem
312 469 459 542 tunicam,
485 467 540 527 sed
563 468 796 528 dimembrabitis
819 479 850 529 et
872 468 1037 527 lacerabitis
1062 483 1176 541 corpus

113 573 228 615 meunt.
261 557 365 614 Nolite
390 559 434 615 sio
458 561 633 623 contristare
658 562 816 634 Spiritum,
844 578 905 634 quo
930 563 1003 617 estis
1026 559 1178 617 obarrlreti

115 647 153 701 ad
170 647 249 701 diem
266 649 378 704 salutis.
411 649 515 706 Nolite
531 653 653 721 angelos
670 664 789 708 sanctos
812 653 843 726 in
866 653 953 707 coelo
977 652 1090 721 gaudiis
1115 650 1180 706 suis·

115 738 255 808 spoliare.
289 737 395 793 Nolite
420 740 525 795 iratres
545 751 664 797 vestros
688 747 720 796 et·
740 742 909 799 universam
927 739 1098 796 Ecclesiam
1117 748 1178 793 tur.

114 825 187 882 bere
206 838 235 883 et
253 829 464 885 scandalizare.
496 829 600 886 Nolite
617 830 755 887 hostibus
772 831 847 887 meis
864 842 894 886 et
905 831 1013 887 vestris
1026 846 1081 884 vos
1093 831 1177 902 ipsos
1221 819 1224 825 ’

116 917 262 973 ridiculos
279 917 306 980 1)
324 919 435 974 iacere.
468 918 570 975 Nolite
588 920 709 976 Satanae
726 920 829 990 gaudia
846 929 876 975 et
894 920 1063 992 triumphos
1080 918 1178 974 multi.

114 1006 236 1077 plicare.
271 1006 345 1062 Satis
369 1018 416 1063 eet
439 1008 527 1064 vobis
549 1008 617 1064 elias
635 1009 675 1064 ob
692 1026 802 1089 nomeu
820 1025 920 1065 meum
936 1012 1093 1066 malorum.
1127 1010 1177 1063 An

117 1113 176 1166 ego
193 1110 254 1150 non
273 1097 339 1169 plus
354 1115 421 1153 sum
433 1099 520 1154 vobis
528 1139 539 1168 ,
557 1116 646 1170 quam
660 1116 766 1156 omnes
778 1116 903 1169 causae,
921 1116 1027 1156 omnes
1039 1101 1177 1168 affectus,

116 1201 224 1241 omnes
242 1187 445 1244 offensiones?
480 1187 562 1243 Itane
579 1189 685 1244 fortius
703 1199 858 1272 penetrant
869 1189 1069 1254 ethaerent2)
1086 1188 1178 1244 verba

116 1276 212 1347 aliqua
224 1276 340 1345 fratria,
357 1280 406 1333 vel
423 1279 523 1351 inique
539 1281 691 1348 molestia,
701 1277 732 1346 ³)
750 1296 841 1350 quam
856 1296 922 1335 mea
933 1280 1073 1347 uulnera,
1089 1293 1176 1338 mette

116 1368 255 1435 sanguis,
275 1384 363 1439 quam
379 1377 460 1424 totus
474 1369 540 1439 ipse
551 1369 786 1427 SalvatorJesue
801 1369 962 1427 Christus?
996 1370 1082 1425 Talia
1094 1377 1179 1425 certe

115 1466 146 1512 et
164 1457 253 1525 longe
270 1457 426 1527 pulchrius
444 1469 474 1514 et
491 1458 646 1531 copiosius
662 1460 824 1530 loquentur
838 1459 927 1514 vobis
942 1461 1021 1514 oculi
1035 1461 1099 1530 ejus
1113 1459 1179 1534 pul.

114 1545 260 1600 cherrimi
274 1558 304 1600 et
321 1549 390 1601 vino
415 1548 660 1615 urbicundiores,
686 1550 776 1606 modo
801 1549 831 1605 iu
856 1549 955 1605 medio
978 1549 1070 1604 vestri
1097 1559 1183 1607 staro

118 1651 189 1711 eum
207 1636 328 1705 sinatis,
356 1646 385 1692 et
409 1636 476 1692 lixis
502 1637 532 1692 in
556 1637 672 1694 vultum
688 1639 754 1709 ejus
772 1640 886 1708 oculis,
911 1639 1030 1695 taceatis
1056 1655 1179 1695 cerream

120 1736 151 1781 et
168 1727 290 1782 allectus
310 1740 440 1783 vestros.
473 1728 554 1783 Nam
570 1728 631 1783 hoc
650 1730 729 1784 facto
746 1728 886 1796 silentio,
903 1728 974 1801 quid
992 1728 1067 1782 aliud
1082 1728 1180 1798 dicet,

121 1831 226 1887 quam:
243 1816 322 1871 Pax
335 1814 421 1872 vobis
429 1857 440 1886 ,
457 1817 556 1872 nolite
572 1818 702 1877 timere:
719 1828 780 1872 tum
799 1818 935 1873 ostendet
951 1817 1039 1880 vobis
1056 1818 1183 1883 vulnere

120 1922 193 1973 sua,
211 1915 240 1961 et
255 1916 336 1976 teget
352 1918 453 1963 vestra
471 1908 572 1963 ulcera
589 1917 619 1963 et
635 1907 759 1979 tubera,
775 1918 805 1987 et
815 1908 861 1965 sic
874 1907 929 1964 en't
941 1906 1028 1964 robis
1040 1907 1179 1965 omnibus

118 1997 199 2052 salus
217 2007 247 2052 et
263 1982 414 2067 gaudium.

121 2163 126 2173 r
184 2135 277 2191 Plura
292 2135 482 2203 scriberem,
509 2134 563 2192 sed
587 2134 812 2204 magisveltem
835 2134 913 2208 apud
937 2128 1097 2196 voslvoce
1119 2137 1178 2207 uti,

119 2224 293 2293 conlidens,
319 2239 367 2281 me
393 2228 536 2297 operante
552 2226 674 2282 Christo
693 2227 799 2298 aliquid
818 2228 994 2282 effecturum
1011 2242 1089 2284 esse.
1122 2227 1182 2283 Seri

119 2332 191 2371 cum
209 2316 273 2371 sitis
292 2317 367 2383 viri,
394 2316 502 2389 quibus
519 2316 599 2372 dedit
616 2317 789 2389 sapientiam
808 2333 892 2372 suam
908 2335 1019 2386 nosse,
1045 2335 1105 2374 non
1130 2319 1182 2387 de.

119 2421 230 2476 spero,
254 2407 325 2477 quin
351 2406 399 2460 his
425 2405 519 2462 literis
540 2406 636 2462 datam
654 2408 847 2461 occasionem
865 2406 1032 2476 intelligatis
1050 2407 1118 2479 plus
1137 2423 1183 2463 sn.

118 2495 233 2565 piendi,
252 2513 341 2567 quam
359 2512 414 2563 ego
433 2495 566 2551 scribere
579 2507 609 2551 et
623 2495 723 2550 dicere
736 2497 861 2567 possim.
895 2496 987 2551 Simul
1001 2507 1099 2551 autem
1112 2498 1182 2568 quia

119 2594 149 2639 et
167 2585 305 2640 homines
324 2586 413 2653 estis,
438 2585 583 2639 necdum
602 2603 618 2638 a
636 2597 733 2639 morte
752 2585 975 2652 resurrexistis,
1002 2583 1075 2639 nihil
1092 2584 1180 2640 vobis

116 2675 228 2744 mirum
246 2675 412 2744 videbitur,
439 2676 463 2730 si
480 2675 589 2746 aliquid
607 2677 727 2728 humani
744 2675 825 2744 passi
848 2674 980 2741 fueritis,
1004 2674 1056 2727 sed
1080 2683 1180 2729 tamen

116 2776 150 2820 ut
168 2765 314 2826 hactenus
332 2765 603 2840 humanumtuerit
630 2775 659 2819 et
682 2763 845 2818 humanum
870 2780 937 2819 esse
961 2779 1020 2818 non
1046 2765 1180 2835 (leuium,
1280 2821 1286 2827 ,

118 2866 149 2910 et
167 2873 227 2910 uon
245 2857 273 2909 in
291 2856 478 2910 daemonium
496 2864 634 2908 vertatur.
669 2853 838 2907 Humanum
855 2862 901 2907 est
918 2853 1022 2922 irasci,
1050 2854 1103 2908 sed
1120 2855 1179 2909 ad.

118 2946 210 3000 ditum
229 2956 292 3000 est:
318 2945 428 3000 Nolite
450 2958 594 3017 peccare.
629 2943 749 2998 Offendi
772 2943 933 2997 humanum
956 2955 1021 3009 est,
1048 2945 1179 3001 sednon

118 3036 303 3090 reconciliari
322 3035 501 3090 diabolicum
519 3046 581 3090 est:
607 3051 669 3089 non
686 3032 795 3089 offendi
820 3045 917 3089 autem
939 3044 989 3090 aut
1008 3052 1068 3089 uon
1086 3037 1180 3094 ollem
1216 3053 1228 3073 ‘

117 3126 188 3180 dere
204 3126 369 3195 angelicum
379 3167 388 3193 ‚
408 3126 472 3193 vel,
490 3124 571 3195 quod
585 3125 679 3192 idem,
698 3122 902 3181 christianum.
937 3125 1091 3198 Quocum
1103 3139 1179 3182 non.

117 3217 187 3272 dum
206 3219 447 3289 pervenerimus,
468 3215 585 3285 justum
610 3223 671 3283 est,
698 3224 731 3268 ut
754 3215 836 3270 velut
857 3215 1032 3285 incipientes
1050 3228 1081 3272 et
1098 3216 1177 3273 initia

115 3298 260 3362 habentes
277 3306 522 3368 christianorum,
549 3305 572 3358 si
590 3321 650 3358 non
667 3303 858 3359 vitaverimus
875 3314 924 3360 aut
941 3321 1001 3359 nou
1023 3306 1178 3375 pertuleri.
1195 3333 1198 3340 ¹

113 3400 350 3465 mosonensis,
377 3397 493 3451 reniam
512 3397 639 3450 invicem
658 3406 687 3448 et
704 3396 808 3449 demus
829 3394 972 3465 libenter,
997 3404 1026 3451 et
1046 3399 1176 3469 postule.

114 3505 184 3544 mus
202 3489 371 3549 humiliter,
388 3479 418 3547 ⁴>
443 3497 472 3540 et
488 3487 579 3540 vitam
597 3500 728 3540 nostram
747 3486 774 3540 in
793 3486 872 3541 illam
892 3487 1063 3557 petitionem
1082 3489 1176 3543 invol.

115 3595 238 3634 vamus:
264 3578 399 3633 Dimitte
422 3575 514 3632 nohis
536 3574 640 3631 debita
664 3582 797 3643 nostru,
820 3575 903 3631 sicut
919 3583 949 3630 et
965 3594 1025 3632 nos
1042 3578 1175 3632 dimitti.-

113 3683 186 3724 mus
203 3664 396 3722 debitoribus
413 3665 544 3720 nostris.
579 3666 647 3736 lpse
664 3664 819 3719 Dominus
835 3665 945 3734 Jesus,
963 3682 1022 3736 pax
1039 3677 1069 3721 et
1086 3668 1174 3741 mise.

162 3919 183 3969 t)
197 3917 240 3962 Ed.
255 3927 279 3963 u.
293 3918 346 3962 Str.
362 3915 496 3961 ridiculum.
541 3918 565 3968 2)
577 3914 638 3965 ΕΦ.
651 3914 746 3961 Auris.
762 3917 906 3973 penetrent,
920 3915 1044 3964 haereant.
1086 3918 1109 3969 3)
1122 3857 1182 3964 Διί

115 3989 163 4036 rit.
184 3989 226 4035 vel
239 3988 351 4037 moleste
410 3990 433 4040 dl
448 3989 500 4037 tute
513 3989 585 4042 autiss
597 3988 640 4036 uc
654 4012 678 4024 ··
691 3992 716 4037 et
731 3990 879 4047 postulemus
893 3989 916 4036 lr.
