2586 4696
215 295 278 367 '188
651 370 654 377 ,
699 301 789 367 1⁵³0.
859 352 866 372 .

915 377 926 409 b

212 457 276 516 hoo
287 459 359 516 mihi
374 452 409 517 tle
425 477 473 518 me
486 463 556 534 jure
573 460 758 536 praedicare)
775 456 868 516 factus
884 475 950 516 sunt
968 453 1093 526 doctor,
1110 451 1274 532 qttod'qtti.

213 550 282 605 dem
300 559 379 620 tum,
397 569 467 608 cum
484 553 562 608 hanc
579 553 769 608 tentationem
787 551 935 624 patiebat,
950 557 1114 620 numquam
1130 548 1274 603 credidis.

211 651 278 696 sem
295 641 434 696 futurum.
467 642 515 697 Sic
532 651 562 697 et
578 642 629 696 tibi
646 643 749 714 procul
762 640 852 696 dubio
864 639 991 697 eveniet.
1025 639 1078 695 Tu
1089 637 1135 692 vir
1145 654 1272 708 magnus

149 780 151 784 ,
212 730 332 787 evades.
367 729 489 787 Videbis
507 733 617 800 modo,
642 741 675 786 ut
692 733 801 787 interea
817 729 844 794 ¹)
863 730 945 785 bono
964 739 992 785 et
1009 729 1077 784 lorti
1094 730 1135 784 sis
1153 729 1272 795 animo,

211 828 243 874 ct
259 821 304 875 fac
320 818 373 875 tibi
390 809 582 893 persuadeas,
600 821 766 877 istiusmodi
783 836 894 887 voees,
919 812 994 892 quae
1011 820 1054 875 sic
1071 818 1167 874 doctis
1186 835 1272 890 prae.

212 911 318 966 sertim
332 902 366 966 'et
383 911 494 981 magnis
510 911 684 967 hominibus
702 910 859 978 excidunt,
886 927 946 965 non
969 924 1072 963 carere
1097 909 1219 964 oraculo
1240 918 1273 964 et

211 999 403 1056 divinatione.
437 1001 657 1072 Meminiolim
674 1001 771 1056 virum
788 1001 951 1073 quendam,
970 1016 1061 1072 quem
1078 999 1271 1067 consolabar,

211 1106 250 1145 eo
267 1091 348 1162 quod
367 1089 502 1147 amiserat
519 1090 627 1157 lilium,
645 1090 717 1145 mihi
734 1089 849 1146 dicere:
865 1090 966 1159 vides,
977 1089 1004 1155 ²)
1021 1088 1168 1157 Martine,
1186 1089 1271 1160 quod

210 1181 259 1235 vit·
281 1196 404 1250 maguus
431 1180 549 1236 evades.
583 1180 680 1251 liujus
706 1179 776 1235 dicti
800 1179 974 1255 saepissime
997 1179 1134 1235 memini:
1159 1177 1273 1235 babent

211 1269 292 1325 cuim
310 1268 484 1340 hujusmodi
499 1286 610 1336 voees,
628 1280 660 1325 ut
674 1268 753 1339 dixi,
770 1268 880 1341 aliquid
897 1269 1080 1325 divinationis
1097 1279 1127 1323 et
1143 1268 1272 1326 oraculi.

208 1357 343 1415 Proinde
360 1357 443 1414 bono
461 1375 495 1414 ac
514 1360 584 1414 forti
602 1360 647 1414 fac
665 1359 707 1415 sis
725 1360 841 1427 animo,
862 1368 892 1414 et
910 1358 1105 1429 cogitationes
1115 1357 1192 1413 istas
1210 1356 1273 1412 ina.

208 1447 348 1503 nissimas
364 1445 394 1515 ³)
421 1464 544 1519 prorsus
569 1447 652 1516 ejice.
686 1446 727 1503 tlt
751 1449 869 1520 quoties
894 1448 957 1502 istis
984 1446 1213 1517 cogitationibus
1240 1456 1272 1501 te

210 1537 367 1593 vexaverit
382 1537 547 1606 Diabolus,
575 1537 653 1593 illico
675 1554 785 1611 quaere
805 1536 1075 1605 confabulationem
1091 1537 1273 1606 hominum,

210 1637 261 1683 aut
276 1628 385 1699 largius
402 1629 489 1698 bibe,
508 1639 555 1683 aut
567 1629 689 1698 jocare,
714 1645 842 1698 nugare,
860 1637 910 1683 aut
926 1627 1034 1700 aliquid
1052 1627 1130 1682 aliud
1146 1626 1272 1682 hilarius

208 1718 309 1775 facito.
343 1718 401 1776 Est
417 1735 631 1791 nonnunquam
647 1718 755 1788 largius
770 1717 947 1784 bibendum,
964 1717 1143 1784 ludendum,
1160 1734 1273 1787 nugata.

210 1809 303 1877 dnm,
321 1821 409 1881 atque
427 1810 500 1864 adeo
517 1821 674 1882 peccatum
692 1808 810 1879 aliquod
823 1800 1010 1863 iaciendum'
1002 1825 1030 1862 tn
1044 1808 1145 1863 odium
1158 1818 1186 1862 et
1197 1806 1289 1864 con-l

209 1910 331 1954 temtum
346 1899 484 1966 Diaboli,
502 1917 539 1954 ne
557 1900 627 1972 quid
644 1899 705 1954 loci
724 1898 924 1971 relinquamus
935 1898 994 1966 illi,
1010 1908 1043 1953 ut
1056 1898 1291 1955 conscientiam·

209 1990 297 2047 nobis
323 1990 409 2044 faciat
434 1989 470 2044 de
494 1989 584 2044 rebus
607 1988 783 2068 levissimis,
810 1988 917 2062 alioqui
938 1988 1106 2057 vincimur,
1129 1988 1155 2043 si
1180 1989 1288 2045 nimis-

195 2082 295 2136 ‘anttie
321 2079 541 2149 curaverimus,
567 2097 604 2134 ne
631 2079 702 2150 quid
726 2094 900 2151 peccemus.
941 2078 1073 2135 Proinde
1099 2078 1125 2134 sl
1150 2079 1273 2150 quando

209 2168 319 2223 dixerit
332 2169 499 2236 Diabolus,
518 2168 579 2224 noli
596 2168 719 2236 bibere,
736 2178 769 2220 tu
785 2167 830 2223 sic
848 2169 895 2222 fec
913 2167 953 2223 dli
970 2167 1168 2239 respondeas:
1186 2156 1273 2240 atqui

210 2258 252 2313 ob
270 2274 334 2312 eam
352 2274 471 2326 causatu
488 2259 617 2312 maxime
637 2256 754 2325 bibam,
773 2255 855 2328 quod
871 2268 904 2312 tu
915 2256 1074 2327 prohibes,
1091 2266 1179 2328 atque
1192 2252 1291 2313 adeo'

207 2347 317 2416 largius
335 2347 499 2402 innomine
516 2346 595 2402 ,Iesu
613 2345 723 2400 Christi
733 2338 763 2413 ⁴)
783 2345 891 2402 bibam.
925 2345 974 2402 Sic
987 2362 1108 2417 semper
1119 2348 1273 2402 contraria

208 2438 342 2513 facienda
359 2447 429 2493 sunt
446 2452 567 2504 eorum,
594 2452 670 2507 quae
688 2435 775 2491 Satan
790 2444 881 2491 vetat.
898 2426 928 2502 ⁵)
963 2435 1044 2510 Quid
1065 2450 1171 2490 causae
1189 2436 1279 2498 alind

191 2522 197 2531 ’
209 2544 276 2584 esse
289 2543 408 2594 censes,
422 2521 536 2598 quod⁶)
549 2542 605 2594 ego
615 2525 660 2578 sio
673 2524 819 2580 meracius
829 2523 939 2592 bibam,
953 2523 1074 2579 liberius
1085 2525 1273 2593 confabuler,

207 2634 394 2674 comtnesser
410 2617 544 2690 saepius,
563 2631 652 2688 quam
669 2624 703 2670 ut
718 2615 820 2669 ludam
834 2612 998 2669 Diabolum
1015 2631 1050 2668 ac
1066 2631 1196 2682 venem,
1217 2616 1270 2685 qui

188 2725 256 2767 ,me
273 2724 384 2763 vexare
402 2717 432 2763 et
449 2707 550 2761 ludere
569 2714 730 2777 paraverat.
764 2704 882 2759 Utinam
896 2719 1017 2777 possem
1030 2705 1161 2777 aliquid
1153 2704 1269 2773 tnsigne

205 2798 320 2872 peccati
340 2797 492 2866 designare
510 2795 601 2850 modo
620 2794 653 2849 ad
672 2793 851 2849 eludendum
867 2793 1049 2863 Diabolum,
1076 2805 1109 2848 ut
1125 2795 1269 2865 intellige.

206 2899 269 2957 ret,
285 2904 333 2941 tne
351 2888 464 2941 nullum
483 2897 639 2957 peccatum
657 2900 820 2954 agnoscere
834 2901 867 2938 ac
880 2901 928 2940 me
942 2885 1051 2941 nullius
1065 2887 1181 2958 pcccati
1192 2885 1267 2940 mibi

206 2993 275 3033 esse
293 2976 459 3031 conscium.
494 2976 626 3030 Omnino
643 2984 725 3029 totus
743 2974 903 3044 decalogus
921 2976 1104 3030 amovendus
1122 2986 1168 3031 est
1180 2975 1267 3030 nobis

207 3083 247 3122 ex
269 3067 365 3122 oculis
389 3074 417 3119 et
439 3064 554 3132 animo,
580 3063 687 3130 nobis,
716 3064 855 3134 inquam,
881 3064 1020 3136 quossic
1039 3065 1160 3132 petitae
1177 3075 1268 3121 vexat

206 3155 365 3213 Diabolus.
412 3153 530 3228 Quodsi
557 3153 676 3222 quando
702 3152 850 3208 Diabolus
877 3153 964 3207 nobis
993 3153 1139 3223 objecerit
1164 3167 1268 3210 nostra

206 3258 349 3322 peccata,
375 3261 408 3299 ac
432 3261 499 3298 reos
519 3255 610 3312 egent
627 3243 730 3298 mortis
756 3252 786 3296 et
810 3243 936 3309 inferni,
960 3257 1033 3297 tuuc
1054 3245 1097 3298 sic
1122 3244 1267 3299 debemus

207 3339 325 3393 dicere.
350 3337 445 3390 fateor
462 3334 599 3405 qutdent
623 3348 672 3386 me
690 3349 773 3387 reum
793 3348 861 3387 esse
879 3334 986 3388 mortis
1004 3350 1039 3387 ac
1056 3335 1179 3400 tnlernt
1197 3337 1269 3407 quid

208 3436 271 3481 ttttn
290 3441 345 3496 pos
331 3427 412 3480 tea?
439 3423 521 3494 Ergo
537 3422 626 3476 etiarn
640 3421 668 3475 in
682 3434 830 3476 aeternum
845 3423 1112 3479 condemnaberis?
1130 3426 1268 3482 miniute·

207 3517 278 3573 novi
303 3516 382 3572 enirn
408 3513 571 3586 quendam,
597 3512 648 3584 qui
673 3527 778 3585 passus
799 3523 845 3567 est
861 3529 916 3586 pro
934 3530 982 3568 me
1000 3531 1035 3568 ac
1053 3515 1212 3584 satisfecit,
1237 3527 1269 3570 et

256 3832 276 3884 1)
290 3829 366 3876 w.0.
381 3829 440 3875 (3.6.
454 3826 560 3874 interim.
602 3827 625 3874 2)
639 3826 680 3871 W.
688 3825 718 3873 0.
732 3826 793 3873 QG.
806 3824 908 3874 videbis.
942 3829 968 3874 3)
981 3826 1020 3871 W.
1029 3826 1057 3873 0.
1073 3825 1266 3875 immanissimas.

205 3908 227 3959 ὰ)
242 3900 653 3951 w,0.t'.u.-iunonttte1tsu
668 3899 765 3946 Christi.
816 3903 839 3949 5)
858 3899 1095 3955 w.0.c.s.vitn,
1146 3904 1267 3956 diuitem.

206 3981 230 4033 d.
249 3990 303 4038 quo.
