2586 4696
631 334 721 403 asts:
931 414 934 432 ι
1141 322 1212 401 sat

149 477 213 567 ipsa
231 495 343 551 vanitas
361 494 475 567 potius,
498 513 602 554 rumor
625 509 670 555 est
686 489 780 570 pestis
796 495 948 563 nostrae):
974 494 1027 550 ssd
1049 494 1087 550 ita
1107 494 1206 549 visum
1273 524 1274 528 =

148 586 180 640 in
202 587 290 639 coelo
313 587 382 655 fuit,
411 601 443 641 ut
467 587 551 642 Satan
576 605 632 644 nos
657 603 787 659 corpore
818 587 977 654 divideret,
1012 587 1078 657 quis
1103 585 1206 652 novit,

150 692 212 747 quo
230 677 390 747 portento?
415 676 464 732 M.
482 677 638 751 Philippus
654 690 811 732 vocatuaa
837 692 906 747 rege
918 676 1067 733 Francius
1086 685 1150 743 est,
1176 684 1207 729 et

150 767 237 821 etiam
250 783 297 820 me
315 767 439 822 consule
457 768 551 823 libens
571 768 823 840 proficisceretur.
858 767 978 822 Nedum
995 766 1024 821 id
1042 765 1207 838 aPrincips

150 854 309 937 impetrare
334 857 450 926 potuit,
475 855 766 927 subindignabuudus
790 854 864 910 binc
880 833 1017 910 discessit
1041 870 1146 910 rursus
1171 854 1208 910 ad

149 933 274 1000 denam:
301 945 371 1016 quid
388 946 520 1007 saturum
537 946 591 1014 sit,
615 947 730 1014 ignoro.
765 945 935 1011 offulam1)
960 945 1142 1001 doctoralem
1159 945 1207 1000 dis

149 1036 335 1092 exaltationis
361 1034 398 1090 B.
423 1036 529 1089 Crucis
555 1037 716 1104 exaltatae,
747 1048 776 1091 et
801 1036 1031 1106 disputationem
1056 1033 1207 1090 Sabbatho

150 1126 297 1181 anteriore
314 1124 511 1180 instituemus.
530 1125 562 1189 2)
589 1122 743 1196 Princeps
761 1123 978 1180 illustrissimus
996 1125 1032 1179 ad
1047 1141 1144 1179 meam
1158 1142 1209 1196 pe.

149 1217 285 1271 titionem
313 1214 476 1276 destinauit¹
492 1213 590 1269 nobis·
606 1215 804 1273 cervumvel
829 1230 950 1271 cervam
974 1215 1015 1279 (si
1040 1214 1141 1284 sagitta
1169 1215 1209 1269 ita

150 1306 302 1370 dubitarit)
319 1314 349 1360 et
361 1304 460 1358 vinum
474 1319 514 1358 ex
527 1321 596 1358 arce
609 1305 763 1376 optimum.
797 1302 983 1360 Pomeranus
997 1318 1041 1359 eat
1060 1306 1087 1358 iu
1106 1305 1208 1359 itinere

149 1394 185 1449 ad
209 1410 282 1464 nos,
306 1410 398 1466 quare
422 1393 539 1448 aderitis
565 1393 670 1465 simul,
696 1403 726 1447 et
749 1392 852 1449 schola
874 1391 1017 1473 depensis
1042 1394 1154 1471 aderit,
1180 1395 1211 1450 si·

148 1483 292 1539 depensis
310 1481 366 1537 dici
383 1481 487 1549 debet,
511 1497 587 1552 quae
605 1479 863 1560 Witenbergenais
884 1470 939 1537 est.
974 1482 1053 1538 Mira
1070 1482 1121 1538 bic'
1138 1484 1225 1539 soli.⁴

149 1575 223 1630 tudo
239 1571 322 1629 urbia
342 1583 406 1640 est,
433 1571 486 1628 sed
504 1570 635 1626 vivimus
649 1582 679 1624 et
696 1571 829 1626 valemus
847 1570 908 1626 Dei
925 1573 1016 1642 gratia
1037 1573 1107 1628 satis
1125 1589 1210 1629 com.

150 1665 258 1732 mode,
274 1662 332 1721 nist
323 1661 426 1734 'quod
439 1659 582 1715 cerevisia
595 1674 721 1731 prorsus
734 1660 813 1713 nulla
830 1669 876 1714 est
894 1661 925 1715 in
936 1661 1063 1740 civitate.
1096 1661 1208 1720 Beatus

99 1775 112 1791 ι
149 1745 236 1835 meu's
251 1763 373 1818 venter,
398 1750 448 1823 qui
474 1748 573 1805 adbuc
589 1747 712 1803 babet
704 1767 734 1804 tn
753 1749 872 1817 cellario
896 1743 1085 1822 aliquantum.
1120 1755 1209 1808 Certe

152 1842 235 1897 cives
258 1840 378 1913 penuria
402 1849 498 1912 potus
515 1837 660 1893 laborant.
694 1836 777 1910 Quid
802 1822 933 1893 iuturum
954 1822 1082 1908 inisset,
1107 1837 1132 1914 si
1158 1842 1209 1898 bic

150 1932 307 1986 mansisset
322 1929 448 1985 schola?
483 1926 633 2003 Quicquid
650 1925 794 1981 braxatur
810 1943 944 2006 novum,
967 1928 1093 1984 ebibitur
1110 1931 1209 1987 adbuc

152 2023 215 2077 fere
226 2021 352 2077 calidum
364 2028 430 2076 ante
443 2019 521 2091 ipsas
534 2033 660 2089 prunas,
678 2026 709 2072 ut
722 2016 805 2072 sitiati
817 2018 859 2084 (i)
872 2017 901 2072 vi
915 2029 1058 2088 cogantur
1069 2017 1207 2092 braxare,

152 2112 254 2185 quiqui
279 2118 429 2183 poterunt.
471 2108 581 2163 Salutat
604 2118 633 2161 te
660 2122 745 2162 meus
761 2102 793 2174 3)
818 2105 915 2162 Kethu
940 2123 1112 2175 reverenter
1137 2127 1208 2168 cum

151 2196 202 2258 tua
226 2201 256 2257 et
280 2200 338 2256 tuis
365 2197 513 2255 omnibus.
552 2188 771 2268 Respondisset
797 2211 883 2251 meus
906 2198 1065 2281 Jobannes
1093 2201 1209 2259 Lutber

150 2275 243 2348 busto
260 2304 313 2347 tuo
325 2289 457 2360 Juniori,
475 2288 528 2346 sed
541 2289 608 2359 quia
621 2289 770 2342 seniorem
780 2284 902 2342 Justuut
920 2290 950 2344 iu
967 2289 1060 2348 literis
1078 2295 1208 2364 agnovit,

150 2365 212 2437 nou
230 2380 325 2453 potuit
343 2396 396 2450 per
413 2376 564 2434 seniorem
581 2374 747 2441 Ltrtherurn
769 2375 798 2429 in
822 2361 904 2431 tanto
921 2379 1041 2448 negotio
1064 2381 1211 2440 scribere.
1252 2423 1258 2436 .

153 2471 268 2526 Scribat
284 2466 564 2548 autempropediem
578 2480 699 2538 prosus
715 2473 817 2545 aetate.
850 2465 922 2522 Vale
940 2465 1057 2525 iterum.
1093 2474 1209 2531 19.Au.
1248 2481 1250 2484 ⁴

152 2563 248 2636 gusti,
265 2576 342 2615 anno
359 2554 554 2614 MDxxxv.
1181 2633 1183 2637 .

777 2651 819 2708 Τ.
836 2651 985 2722 Martinus
1001 2656 1116 2713 Luther
1132 2655 1177 2716 D.

215 2820 389 2878 Bernhardo
407 2817 502 2874 libens
519 2807 675 2884 servirem,
695 2813 748 2870 sed
765 2812 888 2887 quiade
905 2831 974 2871 meo
990 2818 1051 2872 u'on
1069 2833 1206 2890 possum,

154 2898 198 2968 tot
221 2913 332 2967 alendis
356 2907 526 2965 domesticis
550 2905 714 2963 obstrictus
739 2903 860 2971 aDeo,
889 2920 959 2960 oum
983 2907 1069 2962 etiam
1094 2919 1208 2965 tantum

108 3027 117 3050 ·
151 3001 297 3074 debeam,
320 3000 524 3057 Eschaussina
540 2988 573 3062 ⁴)
598 3012 657 3050 nou
683 2995 747 3049 vult
772 3009 839 3049 esse
860 2993 959 3065 domi,
983 2996 1031 3052 vel
1058 2985 1229 3073 nunquam

152 3093 252 3166 potius
269 3091 332 3147 vult
349 3088 479 3145 solvere.
495 3077 526 3151 5)
560 3084 676 3151 Miror,
701 3082 771 3154 quid
788 3085 842 3151 sit,
869 3083 951 3155 quod
973 3085 1029 3141 iste
1046 3085 1140 3145 homo
1158 3106 1209 3163 va.

153 3184 228 3239 lidus
250 3197 321 3237 cum
342 3177 436 3234 valida
459 3192 556 3250 uxore
582 3175 625 3229 sic
648 3180 819 3246 paupertate
845 3173 934 3228 ninia
959 3188 1130 3247 prematur,
1159 3180 1208 3237 cui

149 3266 208 3329 una
226 3283 276 3328 aut
292 3272 381 3326 altera
398 3268 587 3338 eleemosyna
602 3280 664 3319 non
681 3257 781 3335 pot'est
799 3255 866 3319 ease
883 3265 1072 3338 consultum,
1096 3283 1123 3323 et
1141 3287 1207 3340 per.

154 3454 204 3508 'su
215 3453 288 3507 ntihi
301 3451 445 3516 consule,
463 3464 525 3519 quo
538 3447 564 3500 ei
578 3443 723 3517 prodesse
734 3442 866 3519 possim,
884 3442 977 3500 libens
993 3446 1072 3502 enim
1085 3450 1208 3505 iecerint

152 3542 235 3598 bono
259 3542 340 3610 viro,
366 3551 397 3596 et
421 3536 596 3611 praesertim
621 3533 650 3588 in
667 3530 806 3587 Ecclesia
829 3533 960 3602 gentium
986 3535 1098 3608 hospiti
1124 3550 1153 3594 et
1176 3541 1207 3594 in

152 3631 292 3697 Ecclesia
307 3629 422 3686 Judaea
439 3626 618 3684 domestico.
651 3620 722 3677 Vale
740 3621 857 3679 iterum.

204 3929 433 3988 ttAurllaulatu.
475 3932 496 3976 2)
509 3931 591 3979 ‘llum
603 3928 628 3979 u.
641 3927 797 3980 instituimus.
839 3930 861 3980 3)
875 3926 936 3978 &tit
950 3886 1012 3976 mat.
1057 3887 1206 3988 almvm

153 4007 215 4062 aldit
227 4003 401 4060 Esubanstiut,
416 4000 471 4056 nuti
484 4004 508 4050 ti
521 4002 583 4056 ulii
595 3999 691 4055 trina·
711 4003 756 4099 x⁵)
771 3999 831 4053 &b
845 4001 912 4054 tatto
925 4000 1019 4060 pluere.
