2594 4696
597 313 696 413 asu
1135 313 1176 378 ss

177 471 249 528 sun
260 470 368 528 nudius
381 471 489 527 tertius
501 469 552 525 hic
567 473 674 541 Arguta
686 488 703 526 a
713 470 858 539 stantun,
876 487 952 544 qnae
964 476 1060 525 narrat
1072 469 1178 525 miram

114 578 271 634 pompam,
289 579 348 634 qua
363 560 510 621 Monachi
524 562 596 616 Dux
608 562 749 616 Brvuriae
763 563 920 616 Caesarem
931 561 970 615 sit
981 572 1178 632 excepturus,
1226 547 1231 556 ⁸

116 652 285 707 cciitoediis
309 667 338 706 et
361 652 424 706 aliis
449 651 539 706 novis
564 650 741 705 honoribus.
775 651 916 722 Denique
942 667 960 704 e
982 650 1182 721 Norimbergs

114 742 204 797 nobis
233 743 377 813 incipiunt
393 742 591 812 persuadere,
619 741 777 794 Caesarem
794 758 855 795 uon
877 759 944 795 esse
962 754 1119 794 venturum
1146 740 1183 795 ad

118 832 262 898 comitis,
278 844 309 888 et
327 846 457 902 prorsus*
470 830 549 885 irrita
569 830 631 884 fieri
648 832 787 896 comitia,
811 831 910 885 studio
927 832 1042 885 scssicet
1064 843 1094 886 et
1111 831 1183 885 dolo

117 924 311 994 pontificum:
335 921 416 992 quod
440 921 466 975 si
484 919 534 985 fit,
559 923 676 988 siguum
701 933 747 974 est
771 921 830 973 irae
854 921 914 974 Dei
941 922 1130 992 implacabilis
1154 923 1184 978 iu

117 1013 297 1085 pontifices,
323 1023 358 1068 ιιι
382 1011 434 1083 qui
460 1011 533 1065 nolit
556 1024 673 1064 nostras
699 1013 785 1064 etiam
814 1025 919 1081 preces
945 1027 1001 1082 pro
1026 1013 1070 1066 eis
1096 1012 1184 1066 tauns

118 1105 234 1158 audire.
995 1165 997 1168 Α
1067 1160 1077 1185 x

177 1235 234 1291 De
251 1247 325 1287 meo
343 1231 444 1286 ttseuo
457 1229 485 1298 ι)
502 1232 527 1285 u
544 1231 659 1285 vastent
671 1228 799 1301 juncta,
817 1212 888 1298 nnn
901 1207 930 1284 re
941 1225 1078 1284 moveat:
1096 1229 1185 1287 Deus

117 1340 201 1380 meos
220 1325 384 1378 stultorum
401 1322 487 1376 Deus
511 1331 572 1389 est,
596 1322 743 1393 sapientes
761 1318 883 1375 irridere
902 1321 1016 1376 solitus.
1046 1311 1187 1377 Hinc‘et

119 1432 171 1486 ego
190 1412 269 1469 nibil
288 1428 344 1467 eos
362 1429 474 1466 moror.
1155 1410 1159 1417 '

178 1543 285 1598 Hodie
303 1539 377 1595 mihi
395 1538 515 1611 scripsit
526 1540 607 1594 Hans
624 1539 786 1609 Rciuicke,
804 1538 1186 1612 charissimumparentem

118 1650 218 1688 meum
247 1632 331 1686 Hans
349 1630 476 1693 „bathea
499 1629 650 1683 seniorem
675 1632 847 1685 excessisse
870 1647 909 1684 ex
934 1629 992 1684 hac
1018 1631 1093 1700 sits,
1125 1633 1189 1704 ipsa
1255 1650 1257 1659 ·

119 1722 268 1777 dominica
295 1719 434 1787 Exaudi,
461 1719 534 1773 hora
558 1718 661 1789 prima.
693 1718 738 1773 Ea
756 1735 838 1773 mors
855 1734 924 1774 sane
942 1737 991 1775 me
1016 1721 1045 1775 in
1072 1723 1188 1778 luctum

105 1806 273 1882 'conjecit‚
302 1810 511 1864 recordantem
534 1825 593 1862 uon
618 1808 715 1862 sulum
736 1820 883 1874 naturae,
902 1810 954 1863 sed
981 1820 1011 1865 et
1035 1810 1187 1868 charitatis

125 1903 337 1968 suavissimae,
363 1901 430 1970 qnia
449 1913 489 1952 ex
507 1899 572 1968 ipso
590 1896 662 1950 mihi
680 1909 800 1951 creator
816 1899 1019 1967 meusdedit,
1044 1884 1189 1972 quioquid

126 2006 233 2048 sumet
250 1990 369 2044 habeo:
388 1999 417 2042 et
433 2001 601 2058 quanquam
618 2001 667 2038 me
686 1986 817 2053 solatur,
834 1987 916 2056 quod
933 1988 1057 2056 scribit,
1076 1990 1188 2045 t'ortem

126 2083 153 2135 iu
169 2081 223 2135 tide
240 2079 356 2135 Christi
372 2077 501 2131 suaviter
516 2074 725 2143 obdormisse,
744 2087 842 2130 tamen
856 2077 1058 2132 misericordia
1076 2087 1107 2134 et
1124 2076 1189 2134 me.

117 2173 213 2227 moria
237 2170 434 2224 dulcissimae
457 2164 693 2219 conversationis
710 2180 780 2219 sure
797 2166 913 2220 viscera
931 2183 995 2221 mea
1017 2171 1187 2239 concussit,

119 2273 152 2316 nt
172 2275 307 2317 mortem
330 2259 383 2311 vix
407 2272 538 2327 nuquam
565 2255 610 2308 sic
632 2255 854 2310 contemserim.
889 2257 946 2312 Sed
971 2267 1046 2312 ante
1061 2257 1188 2330 sociem

119 2353 287 2406 malorum
305 2347 432 2402 tollitur
438 2347 568 2414 justus,
594 2350 624 2396 et
639 2343 744 2414 intrat
761 2343 795 2398 iu
813 2346 973 2419 requiem:
998 2349 1086 2403 toties
1107 2350 1188 2404 scili.

119 2455 167 2496 cet
183 2441 352 2504 morimur,
368 2446 533 2505 antequam
550 2433 643 2487 semel
660 2433 835 2491 moriamur.
870 2435 936 2501 Ego
956 2438 1090 2492 succedo
1108 2455 1188 2493 nuno

121 2533 151 2586 in
175 2530 359 2584 haereditate
382 2525 528 2590 nominis,
554 2533 586 2576 ut
606 2521 706 2576 senior
730 2523 786 2576 sim
813 2524 876 2578 iere
898 2525 1048 2580 Lutherus
1073 2529 1102 2582 in
1121 2545 1187 2583 mes

122 2621 243 2676 famiiia.
279 2618 358 2671 Mihi
376 2630 498 2687 quoque
510 2629 589 2666 nunc
607 2611 733 2665 debetur
749 2630 810 2665 non
828 2615 926 2667 scium
942 2632 1049 2683 casus,
1069 2619 1121 2670 sed
1135 2619 1187 2687 jus

122 2710 271 2783 sequendi
288 2725 357 2760 eum
375 2721 427 2777 per
441 2716 570 2757 mortem
589 2703 617 2754 in
634 2717 757 2768 regnum
771 2701 899 2769 Christi,
918 2705 999 2774 quod
1016 2706 1103 2761 nobis
1124 2725 1189 2764 om.

122 2804 216 2858 uibus
234 2797 399 2865 benigniter
417 2792 560 2848 concedat
579 2791 643 2857 itte,
666 2801 791 2859 propter
808 2807 897 2860 quem
916 2809 1019 2847 sumus
1035 2797 1190 2855 miserabi.

126 2893 219 2946 liores
238 2889 353 2942 crunctis
371 2883 561 2938 hominibus.
583 2890 612 2932 et
632 2881 721 2932 totius
739 2879 839 2932 mundi
857 2883 1062 2952 opprobrium.
1097 2888 1190 2957 Igitur

120 2984 185 3054 jam
202 2980 316 3034 tristior
332 2977 417 3029 latius
430 2990 489 3026 non
502 2969 621 3035 scribo,
640 2969 708 3038 quia
728 2969 845 3036 dignum
863 2983 910 3025 est
928 2984 957 3027 et
969 2976 1068 3044 pium,
1086 2979 1189 3049 lugere

124 3090 176 3126 me
197 3069 287 3122 filium
312 3066 399 3119 taiem
417 3070 586 3134 parentem,
613 3073 658 3130 etr¹
670 3073 731 3127 quo
751 3058 881 3128 suscepit
900 3077 948 3114 me
967 3063 1057 3118 Pater
1073 3068 1191 3123 miseri.

125 3160 249 3216 cordiae
267 3167 297 3210 et
314 3171 367 3225 per
383 3154 447 3222 ejus
466 3151 592 3203 sudores
611 3146 679 3199 aluit
696 3156 725 3199 et
742 3145 844 3214 finxit,
869 3151 980 3219 qualis,
998 3155 1093 3223 qualis
1111 3173 1189 3213 sum.

127 3251 259 3309 Gaudeo
277 3262 365 3312 sane,
381 3243 496 3296 vixisse
513 3254 581 3291 eum
600 3236 629 3289 in
642 3234 717 3288 hacc
736 3247 884 3306 tempora,
902 3252 935 3292 ut
951 3243 1046 3296 iucem
1060 3247 1194 3303 veritatis

126 3343 256 3396 videret.
289 3333 471 3390 Benedictus
490 3330 575 3383 Deus
601 3326 630 3379 in
656 3325 795 3382 omnibus
818 3327 904 3381 factis
929 3340 958 3382 et
977 3335 1110 3390 consiliis
1129 3338 1191 3392 suis

127 3433 157 3486 in
184 3439 354 3489 aeternum,
385 3428 491 3474 Amen.
526 3417 606 3469 Alias
629 3414 693 3466 alia.
728 3413 826 3468 Saluta
844 3432 948 3470 omnes
966 3432 1095 3478 nostros.
1129 3425 1191 3480 Die

127 3523 195 3594 ipso
212 3517 429 3577 Pentecostes,
448 3524 525 3562 anno
542 3504 718 3560 Mttxxx..

680 3626 684 3632 ’
753 3630 794 3688 Τ.
812 3632 961 3690 Martinus
978 3634 1096 3693 Luther
1112 3639 1154 3695 D.
