2586 4696
190 478 235 534 vis
260 478 315 535 ista
338 494 419 539 esse·
455 479 541 543 Maio
559 482 637 555 enim
655 483 795 537 resistere
812 494 873 537 non
889 480 978 549 iicet,
995 477 1181 535 chltristua
1197 493 1250 534 cce

192 567 262 622 dere
276 569 384 638 jussit,
402 571 501 625 dicens
511 589 525 627 a
537 572 575 626 Si
586 572 620 626 in
632 587 698 626 tina
712 571 836 626 ciuitate
846 568 1032 642 persequuti
1045 585 1100 625 vos
1106 567 1247 640 suerint,

181 656 295 731 suqite
315 660 351 714 in
372 659 496 714 aliam:
524 663 610 716 item:
640 661 741 716 Exite
762 661 800 716 de
823 661 916 716 donno
939 659 1008 714 itta.
1048 650 1105 715 Sic'
1121 657 1262 715 arbitror·

189 746 382 820 Principem,
399 751 640 822 qnandoquidem
658 767 787 822 corpore
804 750 889 809 abire,
901 765 962 805 non
979 749 1050 804 iicet
1065 758 1098 803 ut
1110 747 1247 804 membro

192 837 346 906 Caesaris,
363 839 480 895 silentio
498 850 596 894 tamen
615 839 687 910 fugit
705 839 833 896 velutin
850 839 935 893 aliam
953 839 1122 905 civitatem,
1139 848 1169 893 et
1182 837 1249 893 exi.

192 926 236 981 vit
253 925 290 982 de
308 928 398 983 domo
417 928 474 984 iila.
508 929 623 984 Poterit
633 932 658 991 ¹)
676 946 744 982 cum
766 927 897 982 Naaman
916 927 992 999 Syro
1010 927 1167 998 intemplo
1178 925 1250 983 Nis-

190 1018 267 1072 noch
276 1057 285 1086 ,
305 1019 433 1091 denique
445 1018 472 1084 2)
490 1019 567 1091 apud
584 1035 617 1073 se
633 1019 733 1092 ipsunt
749 1020 848 1087 legera
866 1027 896 1073 et
907 1018 1008 1074 coiere
1020 1016 1158 1072 verbum.
1191 1017 1253 1074 Ve-

189 1119 346 1181 runtamen
371 1124 419 1163 res
444 1118 490 1163 est
512 1107 580 1162 maii
611 1109 760 1178 exempli,
792 1124 853 1163 non
877 1108 1007 1164 scandali
1029 1107 1169 1180 quidem:
1195 1106 1250 1163 aed

190 1197 273 1268 quad
290 1196 361 1251 hinc
379 1197 520 1269 suspicor
538 1199 620 1265 sore,
639 1207 671 1252 ut
688 1197 753 1253 iinis
771 1197 962 1252 conuitiorum
971 1193 999 1257 ³)
1016 1195 1095 1251 idem
1107 1195 1174 1265 uu,
1190 1196 1250 1273 scis

189 1285 262 1341 licet
279 1297 311 1341 ut
329 1286 456 1358 primum
475 1287 584 1341 Caesar
604 1298 688 1358 roget
703 1286 877 1359 Principem
900 1285 1049 1343 abstinete
1071 1303 1088 1341 a
1110 1295 1174 1343 tota
1196 1268 1260 1343 tio.¹

190 1376 300 1444 ctrina,
326 1368 404 1431 sicut
427 1379 554 1448 primum
572 1378 687 1446 rogavit
710 1377 857 1432 abstinere
875 1393 891 1430 a
908 1376 1120 1431 concionibus:
1146 1386 1177 1432 at
1198 1374 1249 1431 ubi

190 1475 254 1520 tum
265 1458 297 1532 i)
315 1481 434 1536 rogatus
453 1468 549 1534 nolet,
568 1468 703 1538 sequitur
719 1466 815 1522 simile
828 1467 1017 1522 interdictum
1028 1464 1059 1521 in
1071 1465 1248 1535 doctrinam.

189 1556 239 1611 Sic
256 1573 339 1611 meae
357 1556 553 1627 cogitationes
571 1557 692 1613 habent.
725 1557 766 1613 Et
790 1568 861 1611 tnnc
880 1558 1009 1629 primum
1026 1556 1083 1612 erit
1100 1570 1248 1635 paroxys-

188 1661 255 1701 mus
273 1647 429 1702 comitialis
447 1664 555 1716 verus,
573 1649 603 1702 in
620 1664 681 1719 quo
700 1647 759 1703 Dei
778 1662 884 1702 manus
901 1647 1086 1719 expectanda
1099 1645 1245 1719 stimplo.

188 1736 277 1803 rania
295 1747 351 1792 est.
383 1737 463 1792 Nam
482 1738 616 1809 Papistas
634 1736 829 1792 daemonibus
847 1737 970 1796 traditos
987 1736 1063 1791 alind
1081 1720 1245 1810 nonpoase

188 1842 277 1898 quam
303 1828 418 1895 furere,
444 1828 646 1883 certissimum
668 1839 721 1881 est.
755 1825 868 1882 Premit
886 1842 940 1882 eos
957 1825 1076 1896 sanguis
1093 1825 1190 1896 anet,
1215 1835 1249 1884 et

188 1916 422 1972 abominationes
440 1933 509 1970 stiae
527 1917 660 1975 indurant
676 1932 749 1984 eos,
773 1926 807 1972 ut
827 1916 885 1973 nisi
905 1915 1082 1988 sanguinem
1098 1915 1247 1988 biberint,

188 2006 290 2063 vivere
306 2023 368 2061 non
385 2006 512 2078 possint.

253 2094 425 2166 Philippum
437 2096 574 2160 hortare-4
591 2105 625 2151 nt
641 2094 818 2150 sacrificium
836 2094 955 2168 spiritus
972 2094 1093 2153 contriti
1107 2096 1246 2152 modste.

186 2193 256 2251 tur,
273 2204 310 2240 na
327 2203 388 2241 non
406 2185 551 2241 sufficiant
567 2187 684 2240 tandem
702 2195 819 2241 sumtus
837 2186 946 2243 diutius
963 2186 1159 2243 sacrificandi.
1187 2187 1243 2242 So.

186 2275 289 2332 latium
306 2276 425 2346 quidem
441 2275 549 2346 grande
567 2286 628 2343 est,
646 2276 724 2330 scire
741 2291 773 2330 se
787 2276 902 2330 conteri
915 2276 1021 2348 spiritu
1033 2275 1245 2350 propteropti.

186 2381 267 2432 mam
285 2378 422 2434 causam,
441 2377 564 2437 propter
580 2365 678 2434 ipsum
694 2365 813 2432 Deum,
831 2365 882 2419 ubi
900 2364 1033 2420 dubitare
1049 2375 1246 2449 non-potest,

186 2445 253 2512 sese
272 2457 387 2528 placere
404 2456 493 2523 Deo,
512 2457 604 2511 vetnit
621 2456 747 2509 odorem
765 2454 991 2510 suavissimum:
1017 2456 1071 2512 sed
1088 2457 1197 2513 modus
1214 2458 1246 2513 in

186 2547 277 2603 rebus
295 2556 351 2601 est.
368 2539 400 2610 ⁵)
434 2545 614 2600 Sacrificium
632 2547 745 2616 piacet,
763 2563 824 2599 non
839 2546 982 2615 exitium,
999 2563 1057 2601 nec
1072 2547 1139 2603 vult
1155 2547 1248 2605 Deos

92 2618 95 2630 Ι
187 2638 299 2693 animas
317 2636 411 2708 perdi.
445 2635 513 2689 Hoc
531 2653 547 2688 o
565 2637 666 2689 Saiana
683 2631 710 2700 ⁶)
728 2636 956 2690 additamentum
972 2645 1028 2691 est.
1062 2635 1143 2692 Nam
1161 2638 1247 2712 quod

187 2727 224 2782 de
243 2726 379 2782 Caesaris
397 2727 551 2781 clementia
568 2736 718 2796 speratur,
738 2724 811 2780 nihii
828 2735 885 2781 est.
917 2724 985 2796 Ego
1002 2727 1104 2797 cogito
1119 2727 1250 2784 Pontia.

182 2820 237 2871 'ces
256 2809 284 2882 ⁷)
304 2817 463 2870 Caesarem
483 2815 654 2888 impulisse,
677 2826 710 2869 ut
733 2824 934 2882 cognosceret
956 2829 1093 2883 causam,
1114 2816 1245 2893 denique

187 2917 220 2965 ut
236 2906 330 2959 audita
347 2907 479 2977 apologia
497 2917 596 2960 nostra
612 2897 639 2970 8)
664 2890 792 2959 statuant
816 2905 897 2976 quod
913 2901 941 2969 9)
964 2905 1087 2975 volunt,
1113 2917 1144 2964 et
1168 2908 1245 2964 obti.

186 2995 304 3051 urserint
321 2994 400 3049 hane
417 2995 661 3061 ostentationem,
680 2993 759 3064 quod
777 3010 833 3049 nos
847 2993 886 3060 ¹⁰)
901 2995 971 3050 satis
988 2996 1149 3066 audierint,
1168 2997 1264 3053 etita:

188 3084 365 3140 calumniam
392 3083 569 3156 pertinaciae
594 3083 621 3135 iu
646 3099 701 3136 nos
725 3099 761 3137 eo
785 3083 907 3139 liberius
932 3067 961 3139 at
978 3085 1148 3156 speciosius
1165 3087 1244 3159 iuge,

187 3186 270 3245 rant,
287 3176 324 3242 ¹¹)
349 3175 449 3247 utqui
468 3174 555 3229 auditi
574 3173 724 3229 et'moniti
742 3175 870 3247 deniqne
888 3176 1045 3232 Caesarem
1061 3163 1131 3233 non
1146 3179 1246 3241 audie,

188 3268 290 3322 rimus.
326 3264 407 3341 Quid
424 3265 503 3318 enim
519 3264 594 3318 aliud
611 3275 704 3318 struat
721 3263 824 3330 Satan,
850 3275 898 3320 aut
922 3266 1087 3338 quidboni
1112 3284 1153 3330 ex
1176 3269 1244 3340 ipsc

189 3359 368 3428 speremus?
402 3358 448 3408 An
468 3354 638 3423 ignoramus
657 3353 722 3423 ejus
741 3347 951 3426 cogitationes,
972 3368 1006 3428 ut
1028 3358 1125 3413 omnia
1150 3359 1246 3430 fucis,

187 3444 367 3512 mendaciis,
385 3443 517 3510 astutiis,
539 3441 608 3497 doio
626 3440 662 3506 ¹2)
680 3445 723 3497 sic
741 3455 859 3511 verset,
881 3456 913 3501 ut
929 3446 1085 3518 speciosus
1103 3448 1168 3521 ipse
1185 3449 1244 3519 ait,

237 3638 454 3690 ricuidtesse.
503 3636 751 3693 annuentemque
800 3640 822 3688 a)
838 3637 912 3682 codd.
928 3636 1013 3688 †t'ere.
1062 3637 1245 3687 nicodemo

188 3713 249 3759 dem,
299 3716 322 3760 s)
343 3712 417 3757 (totid.
439 3714 475 3757 est
489 3711 552 3766 ruint.
569 3711 591 3754 iu
606 3711 684 3756 rebus.
734 3709 968 3760 ciconnsatanse.
1018 3711 1243 3765 ncodd.†ideo.

187 3791 210 3837 bt
225 3788 284 3834 cod.
297 3787 352 3832 Jen.
368 3789 394 3832 ut
406 3784 521 3842 apologia
534 3787 618 3830 nostra
631 3783 711 3829 andita
724 3783 810 3831 deiirde
823 3787 937 3831 statuant.
987 3788 1009 3839 9)
1029 3784 1089 3830 cod.
1103 3785 1159 3832 Jen.
1172 3796 1243 3843 auae.
1258 3800 1261 3804 ⁴

189 3865 222 3911 tu)
238 3861 296 3905 (iod.
309 3859 357 3905 Jeu
384 3860 463 3904 tamen
479 3857 530 3903 obt.
545 3855 822 3908 transnominationem,
837 3857 900 3913 quod
914 3868 967 3903 voa.
1017 3860 1051 3907 tt)
1065 3858 1154 3905 Banu.
1171 3858 1243 3907 etita

189 3932 328 3978 calumniari
346 3930 495 3989 pertinaciae
514 3941 557 3977 nos
577 3941 631 3976 esse
649 3942 718 3985 reos,
740 3929 811 3988 idque
829 3929 927 3990 liberius
947 3935 972 3978 et
984 3931 1242 3992 meaioaiusurseut.

189 4008 223 4055 tt)
241 4007 298 4052 toti.
312 4005 367 4052 teu.
381 4002 474 4050 dolose.
488 4051 490 4055 ,
