2586 4696
139 293 200 360 tas
231 372 236 381 Ι
622 298 710 363 isso.

137 450 330 523 autiphonam
342 453 405 524 jam
419 454 507 527 coepi
523 453 693 522 cantillare,
710 448 960 527 'stoompositam
977 450 1068 524 cupio
1085 448 1193 506 audire.

138 540 230 616 Quod
248 543 274 597 si
291 559 350 598 uon
361 543 473 613 habes,
491 554 612 601 autnon
629 545 726 612 nosti,
742 544 827 600 mitto
839 544 890 600 hic
907 542 971 598 suis
983 545 1062 597 notia
1074 543 1195 614 pictam,

137 647 226 704 quarn
250 633 299 688 vel
324 647 394 704 post
417 644 544 689 mortem
569 651 683 703 meam,
712 635 737 688 si
761 635 865 703 voles,
891 649 1074 704 componere
1098 642 1196 704 potes.

135 719 289 781 Dominus
304 723 399 779 Jesus
423 724 462 779 sit
479 734 578 779 tecum
603 725 631 779 in
649 733 802 780 aeternum
812 763 823 792 ,
848 726 957 779 Amen.
992 723 1087 778 Paros
1104 734 1195 776 teme.

135 810 212 868 ritati
231 822 260 867 et
277 813 449 868 verbositati
466 830 561 869 meae.
595 814 693 869 Saluta
708 814 783 869 milri
806 821 902 868 totum
919 814 1050 868 chorum
1065 813 1198 868 musicae

135 908 204 967 tuae
221 911 406 958 reverenter.
439 901 490 958 Ex
508 901 669 973 Coburgo,
687 901 713 958 tl.
731 901 893 970 Octobris,
911 901 1078 958 MDXXX.
1105 959 1111 967 ,

829 1007 981 1064 Martinus
998 1006 1164 1064 Lutherus.

140 1320 443 1441 sementen,
638 1394 640 1398 Α
863 1368 1164 1428 Namcccxvm.
1254 1406 1259 1432 t

462 1522 511 1592 tta
532 1520 648 1593 tour.
670 1521 876 1593 trttrtut.

141 1680 144 1685 ’
186 1678 224 1732 {tn
236 1677 370 1733 multtum
383 1680 427 1732 tut
437 1679 684 1733 maturittutrttmr
702 1679 783 1728 tortor
796 1680 832 1726 tte
846 1677 982 1729 uerutum
996 1678 1042 1724 uut
1057 1677 1198 1725 atnrntttn

135 1750 268 1801 Certatum
289 1743 315 1798 ln
328 1750 431 1807 sutriae
445 1762 471 1805 tu
485 1753 590 1807 ntaueru
603 1754 698 1805 terrent
716 1753 780 1808 itaet
793 1754 831 1804 tn
850 1750 893 1805 tri
910 1751 935 1797 tu
949 1751 1051 1803 enuisti
1064 1750 1115 1797 rtur
1128 1751 1198 1803 tetur

136 1826 238 1880 artetur
251 1825 395 1881 firtuttoatt
407 1835 477 1882 aratu
490 1826 533 1874 tat
546 1827 703 1882 oeruurttuu
717 1825 823 1880 tumor.

163 2059 201 2115 zu
214 2061 361 2111 &trotrti
374 2062 480 2110 mtartt.
492 2061 533 2108 111.
546 2065 595 2114 tta
611 2062 652 2113 itu
665 2059 937 2110 stechel-itanum
949 2071 973 2117 p.
987 2059 1046 2113 rst;
1059 2057 1123 2112 „sut
1136 2058 1174 2107 trs

330 2135 543 2189 utrnrrtturu
555 2135 724 2190 &auntuw
740 2136 780 2188 tra
793 2133 907 2192 &otae
918 2132 947 2179 ll.
963 2134 1006 2181 1⁹⁰.

138 2267 194 2358 G·
212 2323 242 2368 et
258 2312 295 2369 P.
313 2314 344 2374 in
361 2312 436 2371 Chr.
469 2314 539 2371 Nec
556 2315 640 2386 scio,
657 2326 714 2383 trec
731 2316 849 2384 habeo,
864 2315 905 2369 mi
922 2314 1067 2382 Cordate,
1085 2312 1155 2385 quid
1172 2313 1197 2378 ¹)

132 2402 175 2458 »ad
192 2413 257 2459 tuas
275 2404 375 2460 literas
393 2405 610 2477 respondeam,
635 2405 709 2460 adeo
726 2422 775 2460 me
793 2405 923 2460 obruunt
943 2403 1109 2460 istiusmodi
1129 2420 1201 2472 que.

139 2492 218 2549 relae
238 2495 268 2548 in
284 2505 348 2550 toto
365 2495 461 2550 nostri
478 2494 627 2567 Principis
644 2496 761 2551 ducatu.
797 2495 902 2553 Genus
920 2506 966 2549 est
982 2491 1201 2564 persecutionis

138 2584 337 2641 clandestinae
361 2597 390 2641 et
413 2586 663 2655 nocentissimae,
688 2587 725 2640 ita
749 2586 946 2664 ministerium
968 2594 1107 2641 nostrum
1130 2601 1203 2639 con.

138 2675 248 2740 temni,
272 2677 342 2731 odio
359 2676 461 2731 haberi
480 2687 510 2732 et
525 2677 651 2744 incessi,
675 2676 779 2731 deinde
798 2686 826 2730 et
844 2677 921 2730 fame
945 2674 1104 2745 exstingui.
1139 2675 1203 2729 Sci.

140 2762 213 2821 licet
230 2767 346 2821 fortuna
369 2777 415 2822 est
432 2767 506 2821 haec
524 2767 623 2835 verbi,
647 2767 728 2838 quod
747 2783 816 2821 cum
840 2766 875 2820 ad
894 2766 1013 2838 propria
1031 2766 1131 2833 venit,
1157 2765 1201 2819 sui

64 2890 68 2899 ·
141 2853 239 2927 ipsum
258 2873 317 2910 non
329 2857 359 2918 ²)
379 2857 537 2925 recipiunt.
570 2856 759 2926 Religionem
778 2857 806 2909 in
817 2855 990 2911 Jerusalem
1003 2856 1117 2923 vicinae
1130 2873 1203 2925 gen.

141 2953 188 2999 tes
202 2961 261 2998 non
274 2956 434 3016 potuerunt
447 2945 627 3016 opprimere,
645 2945 702 3017 ipsi
715 2955 851 2999 verotnet
863 2953 1084 3016 oppresserunt.
1117 2945 1203 2999 Chri.

140 3042 205 3088 stus
223 3033 287 3105 ipse
304 3050 456 3105 nunquam
473 3035 580 3089 fuisset
597 3033 760 3090 crucifixus
774 3072 782 3100 ,
796 3036 822 3089 si
841 3046 926 3088 extra
938 3033 1107 3089 Jerusalem
1122 3051 1203 3089 man.

142 3123 242 3180 sisset.
276 3124 354 3179 Non
378 3122 465 3194 capit
481 3120 510 3190 3)
532 3123 733 3193 Prophetam
751 3124 862 3194 perire
885 3131 983 3177 extra
1004 3124 1202 3191 Jerusalem,

141 3220 173 3268 et
188 3229 253 3268 non
276 3219 324 3268 est
339 3213 408 3268 sine
423 3212 545 3267 honore
562 3212 748 3283 Propheta,
772 3213 839 3268 nisi
860 3213 894 3267 in
909 3213 1024 3284 patria
1048 3230 1118 3268 sua.
1154 3215 1203 3268 Sic

141 3311 170 3358 et
187 3303 278 3357 modo
304 3302 336 3357 lit
359 3302 435 3372 apud
453 3311 582 3356 nostros.
616 3302 702 3358 Foris
725 3303 829 3357 hostes
846 3303 917 3357 nihil
942 3314 1044 3358 essent
1069 3304 1201 3359 effecturi

141 3391 204 3448 suis
219 3393 320 3459 furiis,
338 3392 405 3446 ideo
424 3392 496 3445 intra
510 3401 630 3446 nostros
644 3391 700 3446 sub
714 3408 787 3464 pace
805 3402 924 3462 oportet
942 3402 1113 3458 contemtu,
1131 3393 1202 3449 odio

133 3491 172 3537 'ct
190 3483 267 3536 fame
284 3480 411 3535 verbum
429 3480 570 3550 extingui.
604 3480 676 3535 loeo
701 3481 786 3535 etiam
808 3491 838 3535 et
854 3498 950 3552 poena
968 3480 1059 3551 hujus
1077 3482 1202 3536 malitiae

139 3585 215 3627 mox
232 3572 365 3644 sequitur
381 3580 410 3623 et
428 3571 520 3639 magis
539 3585 702 3640 sequetur,
724 3570 838 3625 scilicet
854 3564 883 3637 ⁴¹)
902 3573 1011 3639 fames,
1038 3589 1112 3646 quse
1131 3591 1202 3628 coe.

40 3720 43 3724 ,
139 3662 184 3734 pit
195 3663 259 3735 Jam
285 3670 314 3717 et
331 3660 513 3734 pestilentia,
539 3660 666 3715 forte'et
681 3660 793 3728 gladius
804 3701 813 3729 ,
840 3661 865 3715 si
890 3663 925 3716 ita
945 3666 1075 3731 pergerit.
1110 3661 1201 3723 untur

137 3901 371 4020 Ηῗ)ἕώ.ᾳυοᾱ.
419 3901 443 3951 2)
458 3900 524 3952 etc.
538 3911 587 3947 uon
600 3899 686 3958 ipsum.
735 3899 1018 3960 steutattttzcuptt
1052 3902 1202 3955 officit·-

156 3972 178 4021 ci
199 3978 245 4022 eet

88 4266 289 4426 A
