<?xml version="1.0" encoding="UTF-8"?>
<!DOCTYPE html PUBLIC "-//W3C//DTD XHTML 1.0 Transitional//EN"
    "http://www.w3.org/TR/xhtml1/DTD/xhtml1-transitional.dtd">
<html xmlns="http://www.w3.org/1999/xhtml" xml:lang="en" lang="en">
 <head>
  <title>
</title>
<meta http-equiv="Content-Type" content="text/html;charset=utf-8" />
  <meta name='ocr-system' content='tesseract 3.04.00' />
  <meta name='ocr-capabilities' content='ocr_page ocr_carea ocr_par ocr_line ocrx_word'/>
</head>
<body>
  <div class='ocr_page' id='page_1' title='image "./briefesendschre00luthgoog/briefesendschre00luthgoog_0320.png"; bbox 0 0 2586 4696; ppageno 0'>
   <div class='ocr_carea' id='block_1_1' title="bbox 113 292 1203 647">
    <p class='ocr_par' dir='ltr' id='par_1_1' title="bbox 113 292 1203 647">
     <span class='ocr_line' id='line_1_1' title="bbox 599 292 1170 400; baseline -0.004 -8"><span class='ocrx_word' id='word_1_1' title='bbox 599 295 691 392; x_wconf 74' lang='lat' dir='ltr'><strong>asir.</strong></span> <span class='ocrx_word' id='word_1_2' title='bbox 903 294 905 299; x_wconf 65' lang='grc'>’</span> <span class='ocrx_word' id='word_1_3' title='bbox 975 391 979 400; x_wconf 81' lang='grc'><strong>,</strong></span> <span class='ocrx_word' id='word_1_4' title='bbox 1094 292 1170 392; x_wconf 34' lang='lat' dir='ltr'><strong>*tia</strong></span> 
     </span>
     <span class='ocr_line' id='line_1_2' title="bbox 149 459 1203 558; baseline -0.003 -20"><span class='ocrx_word' id='word_1_5' title='bbox 149 466 317 539; x_wconf 67' lang='lat' dir='ltr'><strong>›Tu&#39;sale</strong></span> <span class='ocrx_word' id='word_1_6' title='bbox 340 469 438 553; x_wconf 79' lang='lat' dir='ltr'><strong>bene,</strong></span> <span class='ocrx_word' id='word_1_7' title='bbox 462 489 492 540; x_wconf 87' lang='lat' dir='ltr'><strong>et</strong></span> <span class='ocrx_word' id='word_1_8' title='bbox 515 500 569 540; x_wconf 85' lang='lat' dir='ltr'><strong>ora</strong></span> <span class='ocrx_word' id='word_1_9' title='bbox 593 501 650 558; x_wconf 86' lang='lat' dir='ltr'><strong>pro</strong></span> <span class='ocrx_word' id='word_1_10' title='bbox 674 499 735 540; x_wconf 89' lang='lat' dir='ltr'><strong>me.</strong></span> <span class='ocrx_word' id='word_1_11' title='bbox 776 482 856 542; x_wconf 85' lang='lat' dir='ltr'><strong>Nam</strong></span> <span class='ocrx_word' id='word_1_12' title='bbox 879 459 1172 538; x_wconf 76' lang='lat' dir='ltr'><strong>breviter&#39;sen‘bere</strong></span> <span class='ocrx_word' id='word_1_13' title='bbox 1201 469 1203 474; x_wconf 69' lang='grc'>’</span> 
     </span>
     <span class='ocr_line' id='line_1_3' title="bbox 113 572 1170 647; baseline -0.003 -17"><span class='ocrx_word' id='word_1_14' title='bbox 113 572 196 643; x_wconf 75' lang='lat' dir='ltr'><strong>cogit</strong></span> <span class='ocrx_word' id='word_1_15' title='bbox 213 573 373 629; x_wconf 86' lang='lat' dir='ltr'><strong>multitudo</strong></span> <span class='ocrx_word' id='word_1_16' title='bbox 391 574 645 647; x_wconf 81' lang='lat' dir='ltr'><strong>occupationum,</strong></span> <span class='ocrx_word' id='word_1_17' title='bbox 660 575 835 646; x_wconf 84' lang='lat' dir='ltr'><strong>praesertim</strong></span> <span class='ocrx_word' id='word_1_18' title='bbox 850 573 973 629; x_wconf 80' lang='lat' dir='ltr'><strong>absente</strong></span> <span class='ocrx_word' id='word_1_19' title='bbox 990 572 1170 629; x_wconf 82' lang='lat' dir='ltr'><strong>Pomersno.</strong></span> 
     </span>
    </p>
   </div>
   <div class='ocr_carea' id='block_1_2' title="bbox 111 664 1141 804">
    <p class='ocr_par' dir='ltr' id='par_1_2' title="bbox 111 664 1141 804">
     <span class='ocr_line' id='line_1_4' title="bbox 111 664 598 735; baseline 0.004 -16"><span class='ocrx_word' id='word_1_20' title='bbox 111 664 155 720; x_wconf 77' lang='lat' dir='ltr'><strong>tt.</strong></span> <span class='ocrx_word' id='word_1_21' title='bbox 178 665 324 735; x_wconf 76' lang='lat' dir='ltr'>Augusti,</span> <span class='ocrx_word' id='word_1_22' title='bbox 339 664 523 721; x_wconf 74' lang='lat' dir='ltr'><strong>MDxxxu</strong></span> <span class='ocrx_word' id='word_1_23' title='bbox 594 678 598 687; x_wconf 64' lang='lat'>¹</span> 
     </span>
     <span class='ocr_line' id='line_1_5' title="bbox 383 725 1141 804; baseline -0.007 -17"><span class='ocrx_word' id='word_1_24' title='bbox 383 791 386 794; x_wconf 10' lang='grc' dir='ltr'><em>Α</em></span> <span class='ocrx_word' id='word_1_25' title='bbox 789 729 831 786; x_wconf 88' lang='grc' dir='ltr'><strong>Τ.</strong></span> <span class='ocrx_word' id='word_1_26' title='bbox 848 725 999 804; x_wconf 72' lang='lat' dir='ltr'><strong>Martinus</strong></span> <span class='ocrx_word' id='word_1_27' title='bbox 1014 727 1141 804; x_wconf 62' lang='lat' dir='ltr'><strong>Lutlner.</strong></span> 
     </span>
    </p>
   </div>
   <div class='ocr_carea' id='block_1_3' title="bbox 145 1008 1140 1116">
    <p class='ocr_par' dir='ltr' id='par_1_3' title="bbox 145 1008 1140 1116">
     <span class='ocr_line' id='line_1_6' title="bbox 145 1008 1140 1116; baseline 0.001 -15"><span class='ocrx_word' id='word_1_28' title='bbox 145 1044 188 1103; x_wconf 78' lang='lat' dir='ltr'><strong>aa.</strong></span> <span class='ocrx_word' id='word_1_29' title='bbox 206 1042 336 1116; x_wconf 72' lang='lat' dir='ltr'><strong>uanus.</strong></span> <span class='ocrx_word' id='word_1_30' title='bbox 457 1020 458 1023; x_wconf 53' lang='lat'>‘</span> <span class='ocrx_word' id='word_1_31' title='bbox 752 1019 755 1026; x_wconf 80' lang='grc'><strong>’</strong></span> <span class='ocrx_word' id='word_1_32' title='bbox 795 1008 802 1017; x_wconf 51' lang='grc'><strong>“</strong></span> <span class='ocrx_word' id='word_1_33' title='bbox 841 1044 1140 1106; x_wconf 77' lang='grc' dir='ltr'><strong>Νο.Μοοοονῐιι.</strong></span> 
     </span>
    </p>
   </div>
   <div class='ocr_carea' id='block_1_4' title="bbox 348 1156 1176 1246">
    <p class='ocr_par' dir='ltr' id='par_1_4' title="bbox 348 1156 1176 1246">
     <span class='ocr_line' id='line_1_7' title="bbox 348 1156 1176 1246; baseline -0.001 -9"><span class='ocrx_word' id='word_1_34' title='bbox 348 1163 833 1246; x_wconf 23' lang='lat' dir='ltr'><strong>..vsuuuaauasans</strong></span> <span class='ocrx_word' id='word_1_35' title='bbox 961 1167 963 1170; x_wconf 76' lang='grc'>’</span> <span class='ocrx_word' id='word_1_36' title='bbox 1113 1156 1176 1208; x_wconf 60' lang='lat'><strong>·³</strong></span> 
     </span>
    </p>
   </div>
   <div class='ocr_carea' id='block_1_5' title="bbox 114 1283 1176 1421">
    <p class='ocr_par' dir='ltr' id='par_1_5' title="bbox 114 1283 1176 1421">
     <span class='ocr_line' id='line_1_8' title="bbox 114 1283 1176 1359; baseline 0.004 -21"><span class='ocrx_word' id='word_1_37' title='bbox 114 1289 187 1338; x_wconf 64' lang='lat' dir='ltr'><strong>utcu</strong></span> <span class='ocrx_word' id='word_1_38' title='bbox 199 1288 395 1346; x_wconf 59' lang='lat' dir='ltr'><strong>bawariorium</strong></span> <span class='ocrx_word' id='word_1_39' title='bbox 404 1291 444 1340; x_wconf 78' lang='grc' dir='ltr'><strong><em>Μ</em></strong></span> <span class='ocrx_word' id='word_1_40' title='bbox 452 1292 544 1342; x_wconf 68' lang='lat' dir='ltr'><strong>elmon</strong></span> <span class='ocrx_word' id='word_1_41' title='bbox 553 1291 639 1352; x_wconf 65' lang='lat' dir='ltr'><strong>oanis</strong></span> <span class='ocrx_word' id='word_1_42' title='bbox 654 1294 712 1348; x_wconf 68' lang='lat' dir='ltr'><strong>tuat.</strong></span> <span class='ocrx_word' id='word_1_43' title='bbox 722 1292 767 1342; x_wconf 69' lang='lat' dir='ltr'><strong>tas.</strong></span> <span class='ocrx_word' id='word_1_44' title='bbox 775 1298 799 1340; x_wconf 85' lang='lat' dir='ltr'><strong>u.</strong></span> <span class='ocrx_word' id='word_1_45' title='bbox 807 1291 885 1346; x_wconf 57' lang='lat' dir='ltr'><strong>uus»</strong></span> <span class='ocrx_word' id='word_1_46' title='bbox 897 1283 1176 1359; x_wconf 50' lang='lat' dir='ltr'><strong>domomum)</strong></span> 
     </span>
     <span class='ocr_line' id='line_1_9' title="bbox 490 1364 882 1421; baseline -0.003 -6"><span class='ocrx_word' id='word_1_47' title='bbox 490 1368 538 1415; x_wconf 81' lang='lat' dir='ltr'><strong>uin</strong></span> <span class='ocrx_word' id='word_1_48' title='bbox 551 1364 669 1421; x_wconf 65' lang='lat' dir='ltr'><strong>natatiles</strong></span> <span class='ocrx_word' id='word_1_49' title='bbox 681 1365 805 1418; x_wconf 68' lang='lat' dir='ltr'><strong>castore</strong></span> <span class='ocrx_word' id='word_1_50' title='bbox 879 1397 882 1400; x_wconf 92' lang='lat'>-</span> 
     </span>
    </p>
   </div>
   <div class='ocr_carea' id='block_1_6' title="bbox 572 1473 714 1488">
    <p class='ocr_par' dir='ltr' id='par_1_6' title="bbox 572 1473 714 1488">
     <span class='ocr_line' id='line_1_10' title="bbox 572 1473 714 1488; baseline -0.014 0"><span class='ocrx_word' id='word_1_51' title='bbox 572 1473 714 1488; x_wconf 43' lang='grc' dir='ltr'><em>ᾔ</em></span> 
     </span>
    </p>
   </div>
   <div class='ocr_carea' id='block_1_7' title="bbox 166 1534 1177 1597">
    <p class='ocr_par' dir='ltr' id='par_1_7' title="bbox 166 1534 1177 1597">
     <span class='ocr_line' id='line_1_11' title="bbox 166 1534 1177 1597; baseline 0.002 -11"><span class='ocrx_word' id='word_1_52' title='bbox 166 1538 218 1587; x_wconf 72' lang='lat' dir='ltr'><strong>itui</strong></span> <span class='ocrx_word' id='word_1_53' title='bbox 232 1538 411 1591; x_wconf 61' lang='lat' dir='ltr'><strong>ausisausis</strong></span> <span class='ocrx_word' id='word_1_54' title='bbox 424 1534 586 1593; x_wconf 68' lang='lat' dir='ltr'><strong>unestrudtrs</strong></span> <span class='ocrx_word' id='word_1_55' title='bbox 597 1539 782 1597; x_wconf 53' lang='lat' dir='ltr'><strong>&amp;immuniti</strong></span> <span class='ocrx_word' id='word_1_56' title='bbox 796 1539 841 1588; x_wconf 75' lang='lat'><strong>¹³6.</strong></span> <span class='ocrx_word' id='word_1_57' title='bbox 858 1538 900 1592; x_wconf 75' lang='lat' dir='ltr'><strong>teu</strong></span> <span class='ocrx_word' id='word_1_58' title='bbox 912 1535 1024 1595; x_wconf 66' lang='lat' dir='ltr'><strong>&amp;diist</strong></span> <span class='ocrx_word' id='word_1_59' title='bbox 1037 1536 1065 1584; x_wconf 87' lang='lat' dir='ltr'><strong>u</strong></span> <span class='ocrx_word' id='word_1_60' title='bbox 1080 1536 1129 1588; x_wconf 56' lang='grc' dir='ltr'><strong>Ν</strong></span> <span class='ocrx_word' id='word_1_61' title='bbox 1174 1578 1177 1587; x_wconf 77' lang='grc'><strong><em>,</em></strong></span> 
     </span>
    </p>
   </div>
   <div class='ocr_carea' id='block_1_8' title="bbox 116 1641 1263 3920">
    <p class='ocr_par' dir='ltr' id='par_1_8' title="bbox 116 1641 1263 3920">
     <span class='ocr_line' id='line_1_12' title="bbox 118 1641 1178 1765; baseline -0.001 -24"><span class='ocrx_word' id='word_1_62' title='bbox 118 1641 262 1765; x_wconf 74' lang='lat' dir='ltr'><strong>Gratiam</strong></span> <span class='ocrx_word' id='word_1_63' title='bbox 280 1697 309 1743; x_wconf 92' lang='lat' dir='ltr'><strong>et</strong></span> <span class='ocrx_word' id='word_1_64' title='bbox 328 1678 432 1759; x_wconf 83' lang='lat' dir='ltr'><strong>pacem</strong></span> <span class='ocrx_word' id='word_1_65' title='bbox 449 1688 478 1743; x_wconf 84' lang='lat' dir='ltr'><strong>in</strong></span> <span class='ocrx_word' id='word_1_66' title='bbox 495 1657 642 1743; x_wconf 63' lang='lat' dir='ltr'><strong>homino.</strong></span> <span class='ocrx_word' id='word_1_67' title='bbox 664 1685 808 1762; x_wconf 18' lang='lat' dir='ltr'><strong>*Tardius</strong></span> <span class='ocrx_word' id='word_1_68' title='bbox 825 1702 940 1742; x_wconf 87' lang='lat' dir='ltr'><strong>revoco</strong></span> <span class='ocrx_word' id='word_1_69' title='bbox 958 1685 1108 1740; x_wconf 83' lang='lat' dir='ltr'>Simonem</span> <span class='ocrx_word' id='word_1_70' title='bbox 1119 1673 1178 1742; x_wconf 66' lang='lat' dir='ltr'><strong>nu</strong></span> 
     </span>
     <span class='ocr_line' id='line_1_13' title="bbox 118 1769 1179 1852; baseline -0.001 -21"><span class='ocrx_word' id='word_1_71' title='bbox 118 1777 203 1845; x_wconf 80' lang='lat' dir='ltr'><strong>iritz,</strong></span> <span class='ocrx_word' id='word_1_72' title='bbox 227 1778 267 1832; x_wconf 90' lang='lat' dir='ltr'><strong>mi</strong></span> <span class='ocrx_word' id='word_1_73' title='bbox 293 1769 560 1852; x_wconf 78' lang='lat' dir='ltr'><strong>Amadorli,&#39;quia</strong></span> <span class='ocrx_word' id='word_1_74' title='bbox 583 1795 645 1832; x_wconf 90' lang='lat' dir='ltr'><strong>non</strong></span> <span class='ocrx_word' id='word_1_75' title='bbox 670 1776 813 1847; x_wconf 81' lang='lat' dir='ltr'><strong>contingit</strong></span> <span class='ocrx_word' id='word_1_76' title='bbox 837 1776 943 1845; x_wconf 87' lang='lat' dir='ltr'><strong>locus,</strong></span> <span class='ocrx_word' id='word_1_77' title='bbox 968 1775 998 1831; x_wconf 93' lang='lat' dir='ltr'><strong>in</strong></span> <span class='ocrx_word' id='word_1_78' title='bbox 1022 1791 1084 1847; x_wconf 91' lang='lat' dir='ltr'><strong>quo</strong></span> <span class='ocrx_word' id='word_1_79' title='bbox 1110 1791 1179 1830; x_wconf 83' lang='lat' dir='ltr'><strong>eum</strong></span> 
     </span>
     <span class='ocr_line' id='line_1_14' title="bbox 118 1863 1179 1940; baseline -0.004 -19"><span class='ocrx_word' id='word_1_80' title='bbox 118 1868 287 1936; x_wconf 81' lang='lat' dir='ltr'><strong>collocem,</strong></span> <span class='ocrx_word' id='word_1_81' title='bbox 313 1878 343 1922; x_wconf 90' lang='lat' dir='ltr'><strong>et</strong></span> <span class='ocrx_word' id='word_1_82' title='bbox 367 1863 409 1922; x_wconf 83' lang='lat' dir='ltr'><strong>tui</strong></span> <span class='ocrx_word' id='word_1_83' title='bbox 427 1867 624 1937; x_wconf 80' lang='lat' dir='ltr'><strong>Magdeburgi</strong></span> <span class='ocrx_word' id='word_1_84' title='bbox 648 1865 777 1923; x_wconf 87' lang='lat' dir='ltr'><strong>tenuiter</strong></span> <span class='ocrx_word' id='word_1_85' title='bbox 801 1865 828 1921; x_wconf 88' lang='lat' dir='ltr'><strong>ei</strong></span> <span class='ocrx_word' id='word_1_86' title='bbox 845 1865 939 1936; x_wconf 83' lang='lat' dir='ltr'><strong>largiti</strong></span> <span class='ocrx_word' id='word_1_87' title='bbox 957 1875 1041 1933; x_wconf 92' lang='lat' dir='ltr'><strong>sunt,</strong></span> <span class='ocrx_word' id='word_1_88' title='bbox 1068 1874 1100 1940; x_wconf 81' lang='lat' dir='ltr'><strong>ut</strong></span> <span class='ocrx_word' id='word_1_89' title='bbox 1122 1881 1179 1935; x_wconf 82' lang='lat' dir='ltr'><strong>ego</strong></span> 
     </span>
     <span class='ocr_line' id='line_1_15' title="bbox 117 1940 1247 2031; baseline -0.004 -18"><span class='ocrx_word' id='word_1_90' title='bbox 117 1969 223 2031; x_wconf 90' lang='lat' dir='ltr'><strong>postea</strong></span> <span class='ocrx_word' id='word_1_91' title='bbox 246 1974 336 2026; x_wconf 74' lang='lat' dir='ltr'><strong>cogar</strong></span> <span class='ocrx_word' id='word_1_92' title='bbox 360 1958 437 2012; x_wconf 87' lang='lat' dir='ltr'><strong>alere</strong></span> <span class='ocrx_word' id='word_1_93' title='bbox 462 1973 623 2029; x_wconf 78' lang='lat' dir='ltr'><strong>pauperem</strong></span> <span class='ocrx_word' id='word_1_94' title='bbox 648 1973 761 2029; x_wconf 81' lang='lat' dir='ltr'><strong>pauper</strong></span> <span class='ocrx_word' id='word_1_95' title='bbox 782 1956 856 2027; x_wconf 87' lang='lat' dir='ltr'><strong>ipse.</strong></span> <span class='ocrx_word' id='word_1_96' title='bbox 891 1951 958 2011; x_wconf 82' lang='lat' dir='ltr'><strong>scis</strong></span> <span class='ocrx_word' id='word_1_97' title='bbox 981 1954 1060 2010; x_wconf 87' lang='lat' dir='ltr'><strong>enim</strong></span> <span class='ocrx_word' id='word_1_98' title='bbox 1082 1969 1180 2010; x_wconf 86' lang='lat' dir='ltr'><strong>meam</strong></span> <span class='ocrx_word' id='word_1_99' title='bbox 1245 1940 1247 1949; x_wconf 45' lang='lat'><strong>¹</strong></span> 
     </span>
     <span class='ocr_line' id='line_1_16' title="bbox 116 2039 1180 2120; baseline -0.005 -15"><span class='ocrx_word' id='word_1_100' title='bbox 116 2048 341 2105; x_wconf 84' lang='lat' dir='ltr'><strong>oeconomiam:</strong></span> <span class='ocrx_word' id='word_1_101' title='bbox 360 2039 457 2102; x_wconf 81' lang='lat' dir='ltr'><strong>tamen</strong></span> <span class='ocrx_word' id='word_1_102' title='bbox 474 2048 593 2120; x_wconf 90' lang='lat' dir='ltr'><strong>quando</strong></span> <span class='ocrx_word' id='word_1_103' title='bbox 611 2047 696 2102; x_wconf 86' lang='lat' dir='ltr'><strong>aliter</strong></span> <span class='ocrx_word' id='word_1_104' title='bbox 711 2047 776 2102; x_wconf 87' lang='lat' dir='ltr'><strong>lieri</strong></span> <span class='ocrx_word' id='word_1_105' title='bbox 792 2064 854 2101; x_wconf 87' lang='lat' dir='ltr'><strong>non</strong></span> <span class='ocrx_word' id='word_1_106' title='bbox 871 2052 988 2118; x_wconf 86' lang='lat' dir='ltr'><strong>potest,</strong></span> <span class='ocrx_word' id='word_1_107' title='bbox 1015 2045 1105 2101; x_wconf 83' lang='lat' dir='ltr'><strong>tutius</strong></span> <span class='ocrx_word' id='word_1_108' title='bbox 1122 2054 1180 2113; x_wconf 85' lang='lat' dir='ltr'><strong>est,</strong></span> 
     </span>
     <span class='ocr_line' id='line_1_17' title="bbox 117 2136 1262 2209; baseline -0.003 -17"><span class='ocrx_word' id='word_1_109' title='bbox 117 2149 152 2194; x_wconf 90' lang='lat' dir='ltr'><strong>ut</strong></span> <span class='ocrx_word' id='word_1_110' title='bbox 168 2139 320 2193; x_wconf 85' lang='lat' dir='ltr'><strong>dimittatis</strong></span> <span class='ocrx_word' id='word_1_111' title='bbox 337 2155 422 2207; x_wconf 89' lang='lat' dir='ltr'><strong>eum,</strong></span> <span class='ocrx_word' id='word_1_112' title='bbox 440 2149 470 2193; x_wconf 88' lang='lat' dir='ltr'><strong>et</strong></span> <span class='ocrx_word' id='word_1_113' title='bbox 481 2138 590 2193; x_wconf 87' lang='lat' dir='ltr'><strong>melius</strong></span> <span class='ocrx_word' id='word_1_114' title='bbox 608 2147 653 2193; x_wconf 90' lang='lat' dir='ltr'><strong>est</strong></span> <span class='ocrx_word' id='word_1_115' title='bbox 665 2154 714 2193; x_wconf 90' lang='lat' dir='ltr'><strong>me</strong></span> <span class='ocrx_word' id='word_1_116' title='bbox 731 2136 863 2208; x_wconf 76' lang='lat' dir='ltr'><strong>prareti,</strong></span> <span class='ocrx_word' id='word_1_117' title='bbox 883 2151 974 2208; x_wconf 84' lang='lat' dir='ltr'><strong>quam</strong></span> <span class='ocrx_word' id='word_1_118' title='bbox 989 2152 1047 2192; x_wconf 89' lang='lat' dir='ltr'><strong>vos</strong></span> <span class='ocrx_word' id='word_1_119' title='bbox 1064 2145 1182 2209; x_wconf 79' lang='lat' dir='ltr'><strong>pertua.</strong></span> <span class='ocrx_word' id='word_1_120' title='bbox 1255 2172 1262 2189; x_wconf 81' lang='grc'><strong>.</strong></span> 
     </span>
     <span class='ocr_line' id='line_1_18' title="bbox 117 2227 773 2297; baseline -0.005 -13"><span class='ocrx_word' id='word_1_121' title='bbox 117 2227 193 2284; x_wconf 86' lang='lat' dir='ltr'><strong>bari.</strong></span> <span class='ocrx_word' id='word_1_122' title='bbox 227 2227 333 2282; x_wconf 82' lang='lat' dir='ltr'><strong>Veniat</strong></span> <span class='ocrx_word' id='word_1_123' title='bbox 350 2228 437 2297; x_wconf 82' lang='lat' dir='ltr'><strong>igitur</strong></span> <span class='ocrx_word' id='word_1_124' title='bbox 453 2228 483 2282; x_wconf 92' lang='lat' dir='ltr'><strong>in</strong></span> <span class='ocrx_word' id='word_1_125' title='bbox 501 2228 621 2282; x_wconf 88' lang='lat' dir='ltr'><strong>nomine</strong></span> <span class='ocrx_word' id='word_1_126' title='bbox 637 2227 773 2283; x_wconf 80' lang='lat' dir='ltr'><strong>Domini.</strong></span> 
     </span>
     <span class='ocr_line' id='line_1_19' title="bbox 182 2315 1263 2391; baseline -0.001 -19"><span class='ocrx_word' id='word_1_127' title='bbox 182 2320 231 2373; x_wconf 82' lang='lat' dir='ltr'><strong>An</strong></span> <span class='ocrx_word' id='word_1_128' title='bbox 250 2317 372 2372; x_wconf 89' lang='lat' dir='ltr'><strong>comitia</strong></span> <span class='ocrx_word' id='word_1_129' title='bbox 389 2319 487 2373; x_wconf 84' lang='lat' dir='ltr'><strong>futura</strong></span> <span class='ocrx_word' id='word_1_130' title='bbox 504 2318 579 2386; x_wconf 87' lang='lat' dir='ltr'><strong>sint,</strong></span> <span class='ocrx_word' id='word_1_131' title='bbox 597 2318 708 2373; x_wconf 83' lang='lat' dir='ltr'><strong>nescio.</strong></span> <span class='ocrx_word' id='word_1_132' title='bbox 743 2317 810 2373; x_wconf 87' lang='lat' dir='ltr'><strong>Hoc</strong></span> <span class='ocrx_word' id='word_1_133' title='bbox 826 2316 910 2386; x_wconf 88' lang='lat' dir='ltr'><strong>scio,</strong></span> <span class='ocrx_word' id='word_1_134' title='bbox 929 2315 993 2391; x_wconf 78' lang='lat' dir='ltr'><strong>sive</strong></span> <span class='ocrx_word' id='word_1_135' title='bbox 1012 2315 1096 2380; x_wconf 84' lang='lat' dir='ltr'><strong>liant,</strong></span> <span class='ocrx_word' id='word_1_136' title='bbox 1114 2316 1180 2372; x_wconf 82' lang='lat' dir='ltr'><strong>sive</strong></span> <span class='ocrx_word' id='word_1_137' title='bbox 1259 2368 1263 2382; x_wconf 80' lang='grc'>,</span> 
     </span>
     <span class='ocr_line' id='line_1_20' title="bbox 116 2394 1180 2481; baseline -0.002 -15"><span class='ocrx_word' id='word_1_138' title='bbox 116 2427 179 2466; x_wconf 87' lang='lat' dir='ltr'><strong>non</strong></span> <span class='ocrx_word' id='word_1_139' title='bbox 196 2394 284 2476; x_wconf 86' lang='lat' dir='ltr'><strong>liant,</strong></span> <span class='ocrx_word' id='word_1_140' title='bbox 303 2409 496 2479; x_wconf 84' lang='lat' dir='ltr'><strong>impossibilis</strong></span> <span class='ocrx_word' id='word_1_141' title='bbox 515 2418 561 2464; x_wconf 89' lang='lat' dir='ltr'><strong>est</strong></span> <span class='ocrx_word' id='word_1_142' title='bbox 573 2408 750 2474; x_wconf 84' lang='lat' dir='ltr'><strong>concordia,</strong></span> <span class='ocrx_word' id='word_1_143' title='bbox 768 2423 830 2463; x_wconf 89' lang='lat' dir='ltr'><strong>non</strong></span> <span class='ocrx_word' id='word_1_144' title='bbox 847 2418 961 2464; x_wconf 88' lang='lat' dir='ltr'><strong>tantum</strong></span> <span class='ocrx_word' id='word_1_145' title='bbox 973 2419 1099 2481; x_wconf 86' lang='lat' dir='ltr'><strong>propter</strong></span> <span class='ocrx_word' id='word_1_146' title='bbox 1116 2425 1180 2464; x_wconf 85' lang='lat' dir='ltr'><strong>rem</strong></span> 
     </span>
     <span class='ocr_line' id='line_1_21' title="bbox 117 2497 1180 2573; baseline -0.004 -16"><span class='ocrx_word' id='word_1_147' title='bbox 117 2504 227 2573; x_wconf 82' lang='lat' dir='ltr'><strong>ipsam,</strong></span> <span class='ocrx_word' id='word_1_148' title='bbox 247 2501 313 2571; x_wconf 90' lang='lat' dir='ltr'><strong>quis</strong></span> <span class='ocrx_word' id='word_1_149' title='bbox 333 2499 411 2554; x_wconf 90' lang='lat' dir='ltr'><strong>enim</strong></span> <span class='ocrx_word' id='word_1_150' title='bbox 428 2499 581 2554; x_wconf 81' lang='lat' dir='ltr'><strong>Christum</strong></span> <span class='ocrx_word' id='word_1_151' title='bbox 599 2510 628 2553; x_wconf 92' lang='lat' dir='ltr'><strong>et</strong></span> <span class='ocrx_word' id='word_1_152' title='bbox 642 2498 734 2554; x_wconf 88' lang='lat' dir='ltr'><strong>Belial</strong></span> <span class='ocrx_word' id='word_1_153' title='bbox 752 2497 941 2554; x_wconf 84' lang='lat' dir='ltr'><strong>conciliabit?</strong></span> <span class='ocrx_word' id='word_1_154' title='bbox 958 2507 1007 2552; x_wconf 92' lang='lat' dir='ltr'><strong>aut</strong></span> <span class='ocrx_word' id='word_1_155' title='bbox 1024 2498 1180 2568; x_wconf 90' lang='lat' dir='ltr'><strong>quomodo</strong></span> 
     </span>
     <span class='ocr_line' id='line_1_22' title="bbox 116 2587 1182 2662; baseline -0.002 -17"><span class='ocrx_word' id='word_1_156' title='bbox 116 2590 199 2662; x_wconf 88' lang='lat' dir='ltr'><strong>Papa</strong></span> <span class='ocrx_word' id='word_1_157' title='bbox 212 2589 379 2653; x_wconf 85' lang='lat' dir='ltr'><strong>concedet,</strong></span> <span class='ocrx_word' id='word_1_158' title='bbox 397 2588 485 2642; x_wconf 85' lang='lat' dir='ltr'><strong>fidem</strong></span> <span class='ocrx_word' id='word_1_159' title='bbox 498 2589 592 2642; x_wconf 86' lang='lat' dir='ltr'><strong>solam</strong></span> <span class='ocrx_word' id='word_1_160' title='bbox 607 2587 770 2658; x_wconf 78' lang='lat' dir='ltr'><strong>justificare</strong></span> <span class='ocrx_word' id='word_1_161' title='bbox 778 2627 787 2656; x_wconf 91' lang='lat'><strong>,</strong></span> <span class='ocrx_word' id='word_1_162' title='bbox 807 2597 836 2642; x_wconf 89' lang='lat' dir='ltr'><strong>et</strong></span> <span class='ocrx_word' id='word_1_163' title='bbox 849 2604 940 2657; x_wconf 76' lang='lat' dir='ltr'><strong>opera</strong></span> <span class='ocrx_word' id='word_1_164' title='bbox 953 2587 1092 2658; x_wconf 89' lang='lat' dir='ltr'><strong>papistica</strong></span> <span class='ocrx_word' id='word_1_165' title='bbox 1110 2603 1182 2643; x_wconf 74' lang='lat' dir='ltr'><strong>esse</strong></span> 
     </span>
     <span class='ocr_line' id='line_1_23' title="bbox 119 2674 1179 2748; baseline -0.004 -16"><span class='ocrx_word' id='word_1_166' title='bbox 119 2679 375 2733; x_wconf 85' lang='lat' dir='ltr'><strong>damnabilia?.an</strong></span> <span class='ocrx_word' id='word_1_167' title='bbox 400 2677 509 2748; x_wconf 87' lang='lat' dir='ltr'><strong>poterit</strong></span> <span class='ocrx_word' id='word_1_168' title='bbox 527 2677 713 2743; x_wconf 83' lang='lat' dir='ltr'><strong>concedere,</strong></span> <span class='ocrx_word' id='word_1_169' title='bbox 738 2684 772 2730; x_wconf 90' lang='lat' dir='ltr'><strong>ut</strong></span> <span class='ocrx_word' id='word_1_170' title='bbox 795 2675 858 2747; x_wconf 80' lang='lat' dir='ltr'><strong>ipse</strong></span> <span class='ocrx_word' id='word_1_171' title='bbox 883 2676 913 2730; x_wconf 87' lang='lat' dir='ltr'><strong>in</strong></span> <span class='ocrx_word' id='word_1_172' title='bbox 930 2674 1054 2730; x_wconf 89' lang='lat' dir='ltr'><strong>nihilum</strong></span> <span class='ocrx_word' id='word_1_173' title='bbox 1075 2676 1179 2744; x_wconf 83' lang='lat' dir='ltr'><strong>vadat,</strong></span> 
     </span>
     <span class='ocr_line' id='line_1_24' title="bbox 118 2763 1181 2834; baseline -0.004 -11"><span class='ocrx_word' id='word_1_174' title='bbox 118 2779 148 2824; x_wconf 87' lang='lat' dir='ltr'><strong>et</strong></span> <span class='ocrx_word' id='word_1_175' title='bbox 165 2768 317 2823; x_wconf 79' lang='lat' dir='ltr'><strong>Lutlaerus</strong></span> <span class='ocrx_word' id='word_1_176' title='bbox 334 2768 457 2834; x_wconf 66' lang='lat' dir='ltr'><strong>regnet?</strong></span> <span class='ocrx_word' id='word_1_177' title='bbox 476 2774 505 2820; x_wconf 90' lang='lat' dir='ltr'><strong>et</strong></span> <span class='ocrx_word' id='word_1_178' title='bbox 522 2777 637 2833; x_wconf 86' lang='lat' dir='ltr'><strong>tamen,</strong></span> <span class='ocrx_word' id='word_1_179' title='bbox 654 2764 712 2820; x_wconf 87' lang='lat' dir='ltr'><strong>nisi</strong></span> <span class='ocrx_word' id='word_1_180' title='bbox 724 2763 784 2818; x_wconf 90' lang='lat' dir='ltr'><strong>hoc</strong></span> <span class='ocrx_word' id='word_1_181' title='bbox 797 2765 1001 2831; x_wconf 76' lang='lat' dir='ltr'><strong>concesserit,</strong></span> <span class='ocrx_word' id='word_1_182' title='bbox 1019 2766 1181 2820; x_wconf 83' lang='lat' dir='ltr'><strong>concordia</strong></span> 
     </span>
     <span class='ocr_line' id='line_1_25' title="bbox 118 2857 1179 2929; baseline -0.004 -15"><span class='ocrx_word' id='word_1_183' title='bbox 118 2858 198 2914; x_wconf 89' lang='lat' dir='ltr'><strong>nulla</strong></span> <span class='ocrx_word' id='word_1_184' title='bbox 216 2858 276 2912; x_wconf 81' lang='lat' dir='ltr'><strong>lieri</strong></span> <span class='ocrx_word' id='word_1_185' title='bbox 295 2866 413 2929; x_wconf 87' lang='lat' dir='ltr'><strong>potest,</strong></span> <span class='ocrx_word' id='word_1_186' title='bbox 431 2857 483 2911; x_wconf 90' lang='lat' dir='ltr'><strong>sed</strong></span> <span class='ocrx_word' id='word_1_187' title='bbox 502 2857 589 2911; x_wconf 87' lang='lat' dir='ltr'><strong>etium</strong></span> <span class='ocrx_word' id='word_1_188' title='bbox 606 2864 730 2928; x_wconf 87' lang='lat' dir='ltr'><strong>propter</strong></span> <span class='ocrx_word' id='word_1_189' title='bbox 746 2868 890 2926; x_wconf 86' lang='lat' dir='ltr'><strong>personas</strong></span> <span class='ocrx_word' id='word_1_190' title='bbox 908 2870 947 2910; x_wconf 89' lang='lat' dir='ltr'><strong>ex</strong></span> <span class='ocrx_word' id='word_1_191' title='bbox 965 2869 1047 2927; x_wconf 87' lang='lat' dir='ltr'><strong>parte</strong></span> <span class='ocrx_word' id='word_1_192' title='bbox 1064 2865 1179 2926; x_wconf 87' lang='lat' dir='ltr'><strong>nostra,</strong></span> 
     </span>
     <span class='ocr_line' id='line_1_26' title="bbox 120 2944 1182 3019; baseline 0.002 -18"><span class='ocrx_word' id='word_1_193' title='bbox 120 2964 195 3019; x_wconf 85' lang='lat' dir='ltr'><strong>quas</strong></span> <span class='ocrx_word' id='word_1_194' title='bbox 214 2948 321 3010; x_wconf 84' lang='lat' dir='ltr'><strong>etiam,</strong></span> <span class='ocrx_word' id='word_1_195' title='bbox 339 2948 363 3002; x_wconf 86' lang='lat' dir='ltr'><strong>si</strong></span> <span class='ocrx_word' id='word_1_196' title='bbox 380 2948 545 3016; x_wconf 87' lang='lat' dir='ltr'><strong>vellemus,</strong></span> <span class='ocrx_word' id='word_1_197' title='bbox 562 2961 620 3001; x_wconf 85' lang='lat' dir='ltr'><strong>nos</strong></span> <span class='ocrx_word' id='word_1_198' title='bbox 638 2962 698 3000; x_wconf 91' lang='lat' dir='ltr'><strong>non</strong></span> <span class='ocrx_word' id='word_1_199' title='bbox 716 2944 979 3016; x_wconf 77' lang='lat' dir='ltr'><strong>persuadebimus,</strong></span> <span class='ocrx_word' id='word_1_200' title='bbox 997 2955 1048 3002; x_wconf 86' lang='lat' dir='ltr'><strong>aut</strong></span> <span class='ocrx_word' id='word_1_201' title='bbox 1064 2947 1182 3019; x_wconf 83' lang='lat' dir='ltr'><strong>turpior</strong></span> 
     </span>
     <span class='ocr_line' id='line_1_27' title="bbox 119 3034 1180 3109; baseline 0 -15"><span class='ocrx_word' id='word_1_202' title='bbox 119 3049 170 3094; x_wconf 87' lang='lat' dir='ltr'><strong>aut</strong></span> <span class='ocrx_word' id='word_1_203' title='bbox 186 3040 342 3093; x_wconf 83' lang='lat' dir='ltr'><strong>confusior</strong></span> <span class='ocrx_word' id='word_1_204' title='bbox 359 3037 508 3091; x_wconf 82' lang='lat' dir='ltr'><strong>internos</strong></span> <span class='ocrx_word' id='word_1_205' title='bbox 525 3036 581 3091; x_wconf 85' lang='lat' dir='ltr'><strong>erit</strong></span> <span class='ocrx_word' id='word_1_206' title='bbox 598 3034 756 3109; x_wconf 81' lang='lat' dir='ltr'><strong>discordia.</strong></span> <span class='ocrx_word' id='word_1_207' title='bbox 780 3034 848 3102; x_wconf 65' lang='lat' dir='ltr'><strong>‚Sed</strong></span> <span class='ocrx_word' id='word_1_208' title='bbox 866 3036 981 3104; x_wconf 82' lang='lat' dir='ltr'><strong>ferunt,</strong></span> <span class='ocrx_word' id='word_1_209' title='bbox 1005 3037 1125 3092; x_wconf 87' lang='lat' dir='ltr'><strong>comitia</strong></span> <span class='ocrx_word' id='word_1_210' title='bbox 1143 3039 1180 3094; x_wconf 90' lang='lat' dir='ltr'><strong>ad</strong></span> 
     </span>
     <span class='ocr_line' id='line_1_28' title="bbox 117 3124 1181 3200; baseline -0.004 -16"><span class='ocrx_word' id='word_1_211' title='bbox 117 3128 180 3184; x_wconf 88' lang='lat' dir='ltr'><strong>hoc</strong></span> <span class='ocrx_word' id='word_1_212' title='bbox 199 3128 311 3200; x_wconf 80' lang='lat' dir='ltr'><strong>parari,</strong></span> <span class='ocrx_word' id='word_1_213' title='bbox 337 3136 367 3180; x_wconf 90' lang='lat' dir='ltr'><strong>ut</strong></span> <span class='ocrx_word' id='word_1_214' title='bbox 384 3124 587 3182; x_wconf 84' lang='lat' dir='ltr'><strong>Ferdinandus</strong></span> <span class='ocrx_word' id='word_1_215' title='bbox 611 3125 647 3179; x_wconf 92' lang='lat' dir='ltr'><strong>ab</strong></span> <span class='ocrx_word' id='word_1_216' title='bbox 670 3124 809 3179; x_wconf 89' lang='lat' dir='ltr'><strong>omnibus</strong></span> <span class='ocrx_word' id='word_1_217' title='bbox 825 3124 897 3180; x_wconf 87' lang='lat' dir='ltr'><strong>Rex</strong></span> <span class='ocrx_word' id='word_1_218' title='bbox 912 3124 1068 3182; x_wconf 82' lang='lat' dir='ltr'><strong>Romanus</strong></span> <span class='ocrx_word' id='word_1_219' title='bbox 1093 3144 1181 3182; x_wconf 84' lang='lat' dir='ltr'><strong>acce.</strong></span> 
     </span>
     <span class='ocr_line' id='line_1_29' title="bbox 118 3216 1181 3291; baseline 0.001 -19"><span class='ocrx_word' id='word_1_220' title='bbox 118 3228 228 3291; x_wconf 85' lang='lat' dir='ltr'><strong>ptetur.</strong></span> <span class='ocrx_word' id='word_1_221' title='bbox 262 3217 309 3271; x_wconf 81' lang='lat' dir='ltr'><strong>Aa</strong></span> <span class='ocrx_word' id='word_1_222' title='bbox 323 3232 377 3271; x_wconf 89' lang='lat' dir='ltr'><strong>nos</strong></span> <span class='ocrx_word' id='word_1_223' title='bbox 391 3216 536 3285; x_wconf 86' lang='lat' dir='ltr'><strong>scriptum</strong></span> <span class='ocrx_word' id='word_1_224' title='bbox 554 3224 617 3284; x_wconf 88' lang='lat' dir='ltr'><strong>est,</strong></span> <span class='ocrx_word' id='word_1_225' title='bbox 634 3225 694 3270; x_wconf 86' lang='lat' dir='ltr'><strong>tres</strong></span> <span class='ocrx_word' id='word_1_226' title='bbox 708 3225 897 3270; x_wconf 83' lang='lat' dir='ltr'><strong>monstrosas</strong></span> <span class='ocrx_word' id='word_1_227' title='bbox 908 3216 1007 3270; x_wconf 85' lang='lat' dir='ltr'><strong>stellas</strong></span> <span class='ocrx_word' id='word_1_228' title='bbox 1022 3221 1090 3272; x_wconf 82' lang='lat' dir='ltr'><strong>esse</strong></span> <span class='ocrx_word' id='word_1_229' title='bbox 1103 3218 1181 3289; x_wconf 85' lang='lat' dir='ltr'><strong>apud</strong></span> 
     </span>
     <span class='ocr_line' id='line_1_30' title="bbox 118 3305 1180 3379; baseline 0.003 -18"><span class='ocrx_word' id='word_1_230' title='bbox 118 3325 175 3363; x_wconf 83' lang='lat' dir='ltr'><strong>uos</strong></span> <span class='ocrx_word' id='word_1_231' title='bbox 194 3309 271 3362; x_wconf 81' lang='lat' dir='ltr'><strong>visas</strong></span> <span class='ocrx_word' id='word_1_232' title='bbox 291 3308 319 3360; x_wconf 92' lang='lat' dir='ltr'><strong>in</strong></span> <span class='ocrx_word' id='word_1_233' title='bbox 338 3306 426 3360; x_wconf 90' lang='lat' dir='ltr'><strong>coelo</strong></span> <span class='ocrx_word' id='word_1_234' title='bbox 445 3316 474 3359; x_wconf 92' lang='lat' dir='ltr'><strong>et</strong></span> <span class='ocrx_word' id='word_1_235' title='bbox 492 3305 606 3358; x_wconf 90' lang='lat' dir='ltr'><strong>clerum</strong></span> <span class='ocrx_word' id='word_1_236' title='bbox 624 3313 759 3359; x_wconf 82' lang='lat' dir='ltr'><strong>vestmm</strong></span> <span class='ocrx_word' id='word_1_237' title='bbox 776 3321 921 3377; x_wconf 83' lang='lat' dir='ltr'><strong>quaerere</strong></span> <span class='ocrx_word' id='word_1_238' title='bbox 943 3306 988 3360; x_wconf 88' lang='lat' dir='ltr'><strong>sui</strong></span> <span class='ocrx_word' id='word_1_239' title='bbox 1006 3307 1180 3379; x_wconf 83' lang='lat' dir='ltr'><strong>perniciem.</strong></span> 
     </span>
     <span class='ocr_line' id='line_1_31' title="bbox 118 3393 1181 3474; baseline 0.001 -22"><span class='ocrx_word' id='word_1_240' title='bbox 118 3398 171 3455; x_wconf 86' lang='lat' dir='ltr'><strong>De</strong></span> <span class='ocrx_word' id='word_1_241' title='bbox 197 3398 262 3453; x_wconf 83' lang='lat' dir='ltr'><strong>istis</strong></span> <span class='ocrx_word' id='word_1_242' title='bbox 279 3414 335 3450; x_wconf 85' lang='lat' dir='ltr'><strong>nos</strong></span> <span class='ocrx_word' id='word_1_243' title='bbox 356 3395 444 3449; x_wconf 89' lang='lat' dir='ltr'><strong>redde</strong></span> <span class='ocrx_word' id='word_1_244' title='bbox 470 3395 628 3449; x_wconf 88' lang='lat' dir='ltr'><strong>certiores.</strong></span> <span class='ocrx_word' id='word_1_245' title='bbox 662 3396 813 3463; x_wconf 78' lang='lat' dir='ltr'><strong>Augustae</strong></span> <span class='ocrx_word' id='word_1_246' title='bbox 838 3393 1005 3474; x_wconf 79' lang='lat' dir='ltr'><strong>dominatur</strong></span> <span class='ocrx_word' id='word_1_247' title='bbox 1022 3397 1107 3452; x_wconf 87' lang='lat' dir='ltr'><strong>Satan</strong></span> <span class='ocrx_word' id='word_1_248' title='bbox 1126 3415 1181 3470; x_wconf 88' lang='lat' dir='ltr'><strong>per</strong></span> 
     </span>
     <span class='ocr_line' id='line_1_32' title="bbox 118 3475 1180 3555; baseline 0 -12"><span class='ocrx_word' id='word_1_249' title='bbox 118 3475 230 3543; x_wconf 76' lang='lat' dir='ltr'><strong>hostes</strong></span> <span class='ocrx_word' id='word_1_250' title='bbox 238 3487 412 3540; x_wconf 87' lang='lat' dir='ltr'><strong>sacramenti</strong></span> <span class='ocrx_word' id='word_1_251' title='bbox 426 3495 453 3538; x_wconf 91' lang='lat' dir='ltr'><strong>et</strong></span> <span class='ocrx_word' id='word_1_252' title='bbox 466 3484 650 3555; x_wconf 80' lang='lat' dir='ltr'><strong>baptismatis</strong></span> <span class='ocrx_word' id='word_1_253' title='bbox 665 3495 694 3549; x_wconf 84' lang='lat' dir='ltr'><strong>et</strong></span> <span class='ocrx_word' id='word_1_254' title='bbox 706 3485 795 3540; x_wconf 88' lang='lat' dir='ltr'><strong>totius</strong></span> <span class='ocrx_word' id='word_1_255' title='bbox 809 3485 885 3541; x_wconf 85' lang='lat' dir='ltr'><strong>lidci.</strong></span> <span class='ocrx_word' id='word_1_256' title='bbox 919 3485 1004 3541; x_wconf 88' lang='lat' dir='ltr'><strong>ldem</strong></span> <span class='ocrx_word' id='word_1_257' title='bbox 1022 3487 1053 3542; x_wconf 90' lang='lat' dir='ltr'><strong>lit</strong></span> <span class='ocrx_word' id='word_1_258' title='bbox 1064 3488 1180 3544; x_wconf 85' lang='lat' dir='ltr'><strong>Ulmae.</strong></span> 
     </span>
     <span class='ocr_line' id='line_1_33' title="bbox 120 3574 1183 3648; baseline 0.001 -16"><span class='ocrx_word' id='word_1_259' title='bbox 120 3577 355 3646; x_wconf 79' lang='lat' dir='ltr'><strong>Argentinenses</strong></span> <span class='ocrx_word' id='word_1_260' title='bbox 374 3575 514 3628; x_wconf 82' lang='lat' dir='ltr'><strong>dicuntur</strong></span> <span class='ocrx_word' id='word_1_261' title='bbox 531 3574 627 3628; x_wconf 88' lang='lat' dir='ltr'><strong>redire</strong></span> <span class='ocrx_word' id='word_1_262' title='bbox 646 3574 674 3628; x_wconf 93' lang='lat' dir='ltr'><strong>in</strong></span> <span class='ocrx_word' id='word_1_263' title='bbox 694 3575 769 3630; x_wconf 88' lang='lat' dir='ltr'><strong>viam</strong></span> <span class='ocrx_word' id='word_1_264' title='bbox 788 3575 874 3629; x_wconf 89' lang='lat' dir='ltr'><strong>velle.</strong></span> <span class='ocrx_word' id='word_1_265' title='bbox 908 3574 989 3648; x_wconf 88' lang='lat' dir='ltr'><strong>Papa</strong></span> <span class='ocrx_word' id='word_1_266' title='bbox 1006 3587 1093 3645; x_wconf 78' lang='lat' dir='ltr'><strong>negat</strong></span> <span class='ocrx_word' id='word_1_267' title='bbox 1109 3577 1183 3633; x_wconf 80' lang='lat' dir='ltr'><strong>Cae.</strong></span> 
     </span>
     <span class='ocr_line' id='line_1_34' title="bbox 120 3664 1183 3739; baseline -0.001 -18"><span class='ocrx_word' id='word_1_268' title='bbox 120 3669 179 3723; x_wconf 87' lang='lat' dir='ltr'><strong>sari</strong></span> <span class='ocrx_word' id='word_1_269' title='bbox 196 3666 425 3721; x_wconf 75' lang='lat' dir='ltr'><strong>obstinatissime</strong></span> <span class='ocrx_word' id='word_1_270' title='bbox 444 3664 616 3719; x_wconf 89' lang='lat' dir='ltr'><strong>concilium.</strong></span> <span class='ocrx_word' id='word_1_271' title='bbox 651 3665 737 3739; x_wconf 81' lang='lat' dir='ltr'><strong>Quae</strong></span> <span class='ocrx_word' id='word_1_272' title='bbox 751 3664 897 3721; x_wconf 84' lang='lat' dir='ltr'><strong>Ganduno</strong></span> <span class='ocrx_word' id='word_1_273' title='bbox 916 3666 1090 3734; x_wconf 82' lang='lat' dir='ltr'><strong>factasunt,</strong></span> <span class='ocrx_word' id='word_1_274' title='bbox 1110 3669 1183 3721; x_wconf 88' lang='lat' dir='ltr'><strong>Car.</strong></span> 
     </span>
     <span class='ocr_line' id='line_1_35' title="bbox 120 3753 1180 3828; baseline 0.002 -17"><span class='ocrx_word' id='word_1_275' title='bbox 120 3758 206 3812; x_wconf 82' lang='lat' dir='ltr'><strong>dinali</strong></span> <span class='ocrx_word' id='word_1_276' title='bbox 231 3769 256 3810; x_wconf 81' lang='lat' dir='ltr'><strong>et</strong></span> <span class='ocrx_word' id='word_1_277' title='bbox 275 3756 373 3824; x_wconf 80' lang='lat' dir='ltr'><strong>Papae</strong></span> <span class='ocrx_word' id='word_1_278' title='bbox 400 3754 476 3819; x_wconf 87' lang='lat' dir='ltr'><strong>lilio,</strong></span> <span class='ocrx_word' id='word_1_279' title='bbox 502 3753 630 3808; x_wconf 87' lang='lat' dir='ltr'><strong>arbitror</strong></span> <span class='ocrx_word' id='word_1_280' title='bbox 654 3764 684 3809; x_wconf 90' lang='lat' dir='ltr'><strong>te</strong></span> <span class='ocrx_word' id='word_1_281' title='bbox 709 3754 820 3808; x_wconf 89' lang='lat' dir='ltr'><strong>dudum</strong></span> <span class='ocrx_word' id='word_1_282' title='bbox 844 3754 1003 3810; x_wconf 85' lang='lat' dir='ltr'><strong>audivisse.</strong></span> <span class='ocrx_word' id='word_1_283' title='bbox 1037 3755 1099 3810; x_wconf 87' lang='lat' dir='ltr'><strong>Ora</strong></span> <span class='ocrx_word' id='word_1_284' title='bbox 1124 3775 1180 3828; x_wconf 89' lang='lat' dir='ltr'><strong>pro</strong></span> 
     </span>
     <span class='ocr_line' id='line_1_36' title="bbox 119 3843 1181 3920; baseline -0.003 -17"><span class='ocrx_word' id='word_1_285' title='bbox 119 3865 185 3914; x_wconf 87' lang='lat' dir='ltr'><strong>me,</strong></span> <span class='ocrx_word' id='word_1_286' title='bbox 206 3857 233 3901; x_wconf 92' lang='lat' dir='ltr'><strong>et</strong></span> <span class='ocrx_word' id='word_1_287' title='bbox 251 3846 315 3899; x_wconf 56' lang='lat' dir='ltr'><strong>veile</strong></span> <span class='ocrx_word' id='word_1_288' title='bbox 336 3845 363 3897; x_wconf 89' lang='lat' dir='ltr'><strong>in</strong></span> <span class='ocrx_word' id='word_1_289' title='bbox 386 3844 529 3898; x_wconf 85' lang='lat' dir='ltr'><strong>Domino.</strong></span> <span class='ocrx_word' id='word_1_290' title='bbox 563 3844 774 3920; x_wconf 60' lang='lat' dir='ltr'><strong>llfitenbergae</strong></span> <span class='ocrx_word' id='word_1_291' title='bbox 792 3843 943 3899; x_wconf 82' lang='lat' dir='ltr'><strong>sabbatho</strong></span> <span class='ocrx_word' id='word_1_292' title='bbox 966 3854 1036 3916; x_wconf 84' lang='lat' dir='ltr'><strong>post</strong></span> <span class='ocrx_word' id='word_1_293' title='bbox 1053 3845 1181 3903; x_wconf 84' lang='lat' dir='ltr'><strong>Bartho.</strong></span> 
     </span>
    </p>
   </div>
   <div class='ocr_carea' id='block_1_9' title="bbox 119 3935 1179 4060">
    <p class='ocr_par' dir='ltr' id='par_1_9' title="bbox 119 3935 1179 4060">
     <span class='ocr_line' id='line_1_37' title="bbox 119 3935 544 4006; baseline -0.009 -11"><span class='ocrx_word' id='word_1_294' title='bbox 119 3940 248 4006; x_wconf 87' lang='lat' dir='ltr'><strong>lomaei,</strong></span> <span class='ocrx_word' id='word_1_295' title='bbox 266 3955 342 3991; x_wconf 87' lang='lat' dir='ltr'><strong>anno</strong></span> <span class='ocrx_word' id='word_1_296' title='bbox 361 3935 544 3991; x_wconf 74' lang='lat' dir='ltr'><strong>athxxl.</strong></span> 
     </span>
     <span class='ocr_line' id='line_1_38' title="bbox 762 3997 1179 4060; baseline 0 -1"><span class='ocrx_word' id='word_1_297' title='bbox 762 3999 802 4059; x_wconf 77' lang='lat' dir='ltr'><strong>T.</strong></span> <span class='ocrx_word' id='word_1_298' title='bbox 822 3997 971 4059; x_wconf 81' lang='lat' dir='ltr'><strong>Martinus</strong></span> <span class='ocrx_word' id='word_1_299' title='bbox 988 4000 1147 4060; x_wconf 86' lang='lat' dir='ltr'><strong>Luthcrus.</strong></span> <span class='ocrx_word' id='word_1_300' title='bbox 1176 4009 1179 4021; x_wconf 81' lang='grc'><em>’</em></span> 
     </span>
    </p>
   </div>
   <div class='ocr_carea' id='block_1_10' title="bbox 0 0 1306 4696">
    <p class='ocr_par' dir='ltr' id='par_1_10' title="bbox 0 0 1306 4696">
     <span class='ocr_line' id='line_1_39' title="bbox 0 0 1306 4696; baseline 0 0"><span class='ocrx_word' id='word_1_301' title='bbox 0 0 1306 4696; x_wconf 95' lang='lat' dir='ltr'><strong> </strong></span> 
     </span>
    </p>
   </div>
  </div>
 </body>
</html>
