2586 4696
194 310 253 383 so.
380 276 489 347 ’·
715 316 805 386 uso.

193 427 339 530 Gratiam
358 483 387 530 et
403 490 508 549 pacem
529 476 559 532 in
576 475 723 533 Domino.
756 474 824 548 Ego
850 474 972 547 quidem
996 472 1067 541 hie,
1088 474 1131 530 mi
1152 474 1251 541 Jone,

192 564 284 625 sedeo
302 582 359 636 pro
377 567 465 622 vobis
483 567 616 636 cogitans
635 576 664 622 el
681 567 835 636 solicitus,
848 564 875 630 ¹)
892 565 1067 638 suspicans,
1083 565 1114 633 1)
1132 579 1254 618 causam

191 665 326 709 nostram
337 650 365 721 ³)
381 656 569 728 processisse
582 656 758 726 jamdudum
777 655 811 710 sd
823 654 967 726 epitasin,
979 646 1010 720 ⁴)
1028 670 1152 726 sperans
1165 647 1254 708 simul

191 740 228 797 etl
251 745 462 816 catastrophen
488 744 642 800 meliorem
667 754 816 817 spectare.
849 743 983 799 Tantum
999 733 1029 810 ⁵)
1054 759 1094 798 oe
1118 742 1255 798 deficiant

190 833 280 888 enimi
299 834 406 890 vestri:
422 825 449 898 ⁶)
472 845 503 889 et
518 827 548 901 ⁷)
566 852 627 908 quo
646 829 685 889 illi
702 834 795 904 magis
813 833 1004 906 superbiunt,
1020 825 1048 898 ⁸)
1071 832 1134 888 hoc
1153 832 1253 890 minus

191 938 249 978 vos
267 923 388 979 cedatis.
405 915 431 988 9)
465 923 564 979 Credo
582 924 661 978 enim
679 916 733 979 eos
751 923 795 978 sic
820 923 933 993 opinari
959 921 1091 991 fortiter,
1116 938 1173 978 vos
1198 923 1256 977 fre.

191 1021 260 1067 ctos
278 1013 315 1078 11)
332 1012 431 1068 οιιιιιῐιι
449 1029 592 1069 cessuros
611 1026 699 1081 esse,
717 1011 808 1068 modo
826 1011 867 1066 illi
884 1028 940 1085 per
955 1010 1116 1067 Caesarem
1132 1010 1205 1084 quitl
1216 1009 1256 1077 11)

186 1101 335 1174 jusserint
352 1115 402 1159 sut
418 1104 637 1176 proposuerint.
671 1103 829 1159 Caesarem
846 1105 925 1157 enim
943 1103 1039 1175 ipsum
1055 1101 1106 1157 laic
1122 1103 1164 1168 11)
1181 1101 1256 1157 nihil

191 1209 296 1262 egere,
321 1194 375 1248 sed
398 1193 467 1248 ferri
491 1204 521 1248 et
544 1192 661 1264 agitari,
687 1192 839 1264 quis‘non
861 1191 965 1249 videti
999 1191 1092 1268 Quod
1116 1192 1140 1248 si
1158 1191 1255 1249 fortes

191 1283 332 1338 steteritis
344 1283 417 1337 nihil
430 1284 583 1352 cedendo,
602 1283 717 1353 cogetis
730 1300 783 1339 eos
796 1281 851 1337 alie
861 1282 1003 1351 cogitare.
1029 1281 1144 1339 Nostra
1162 1298 1254 1338 cause

191 1371 308 1426 facilius
319 1371 381 1426 vim
394 1374 528 1451 erminus
540 1369 582 1439 ¹³)
600 1373 689 1440 feret,
708 1388 797 1444 quam
810 1372 897 1426 dolos
909 1371 976 1428 illos
994 1371 1155 1438 satanicos,
1172 1387 1252 1444 quoe

190 1464 320 1516 maxime
337 1461 483 1518 hactenus
501 1463 594 1518 timui.
612 1455 652 1528 11)
686 1462 852 1532 Urgeamus
870 1472 900 1516 et
923 1478 1003 1532 nos,
1015 1453 1056 1530 15)
1079 1476 1112 1517 ut
1134 1463 1253 1518 restim.

189 1558 241 1606 e‘nt
252 1544 290 1616 ¹⁶)
306 1540 524 1629 Leontiardum
536 1549 648 1615 fleuisti
668 1561 697 1606 et
708 1552 819 1606 multos
831 1552 904 1608 alios
919 1549 1105 1625 iniquissime
1116 1551 1250 1608 occisos.

189 1639 357 1697 Restituam
375 1652 419 1697 tot
436 1642 546 1697 animas
565 1643 652 1712 impia
671 1642 803 1697 doctrina
821 1642 967 1712 perditas,
983 1643 1137 1698 restituant
1153 1635 1252 1711 tot¹⁷)

148 1725 154 1751 ²
190 1732 345 1787 facultates
359 1732 512 1788 fallacibus
525 1731 709 1802 indulgentiis
724 1742 753 1786 et
771 1731 835 1787 eliis
853 1732 1007 1788 fraudibus
1024 1732 1196 1802 exhaustus,
1207 1750 1255 1789 re.

188 1821 308 1878 stituant
324 1823 447 1893 gloriam
464 1823 525 1880 Dei
543 1835 588 1878 tot
604 1821 796 1895 blasphemiis
814 1823 969 1891 violatam,
995 1822 1150 1880 restituant
1172 1824 1255 1896 puri.

188 1921 278 1968 tutem
296 1913 530 1968 ecclesiasticam
547 1913 575 1969 iu
594 1913 730 1984 personis
749 1912 924 1969 etmoribus
936 1920 995 1967 tam
1006 1911 1093 1969 foede
1105 1928 1256 1986 conspur.

188 2014 297 2059 catam.
329 2002 371 2058 Et
389 2003 455 2074 quis
474 2003 572 2056 urania
590 2006 750 2059 numeret?
767 1995 809 2065 ¹⁸)
843 1998 927 2059 'l'um
949 2019 1069 2073 agemus
1090 2014 1122 2060 et
1138 2020 1198 2060 nos
1216 2005 1253 2060 de

187 2093 390 2166 possessorio.
424 2093 542 2147 Temen
559 2092 635 2148 mire
652 2093 761 2162 placuit
778 2093 822 2149 sie
841 2109 895 2149 eos
913 2092 1012 2148 diriuo
1027 2085 1103 2150 nutu
1116 2085 1155 2161 ¹⁹)
1174 2094 1251 2151 inse.

188 2183 253 2238 uire
272 2182 421 2252 coepisse,
440 2194 470 2234 us
486 2181 548 2236 hoc
566 2189 768 2251 argumentum
784 2199 844 2238 non
857 2182 966 2254 pudeat
980 2165 1033 2238 eos
1044 2183 1085 2252 11)
1102 2185 1249 2258 proferre.

190 2271 223 2327 Is
240 2274 289 2343 qui
308 2272 353 2325 sic
370 2287 425 2326 eos
444 2280 592 2326 excoecat
608 2281 638 2326 et
656 2271 825 2340 confundit,
842 2272 888 2340 ²¹)
915 2282 949 2327 ut
964 2272 1017 2328 ists
1039 2273 1135 2347 turpia
1152 2285 1182 2329 et
1199 2273 1249 2328 ab.

188 2362 278 2418 surda
296 2377 351 2432 pro
368 2361 503 2434 pulchris
522 2373 551 2415 et
570 2360 664 2417 firmis
688 2361 835 2430 habeant,
861 2372 965 2433 perget
987 2363 1092 2433 magis.
1125 2363 1188 2420 Sint
1203 2363 1247 2431 11)

187 2452 263 2510 haec
288 2451 365 2507 initia
391 2461 419 2506 et
434 2450 572 2523 ¹suspicis
594 2467 699 2506 munus
721 2450 835 2507 divinae
852 2449 941 2507 nobis
958 2452 1095 2523 opitulari
1109 2453 1248 2510 volentis.

188 2543 237 2599 Sic
255 2559 303 2597 me
322 2543 415 2598 solor.
450 2541 507 2597 Sed
520 2541 583 2612 jusu
601 2541 712 2594 dudum
729 2541 784 2595 aliu
800 2556 857 2596 vos
870 2540 984 2596 habetis
995 2543 1118 2598 consilia
1132 2554 1163 2599 et
1175 2544 1251 2599 haec

182 2638 246 2705 jam
258 2645 360 2688 vetera
371 2630 415 2696 ²³)
432 2644 511 2687 suut.
546 2631 640 2704 Spero
658 2631 759 2685 literas
779 2640 894 2686 nostras
911 2631 1084 2703 (quinquies
1103 2633 1182 2689 enim
1195 2636 1253 2689 sal.

187 2735 249 2779 tem
261 2724 403 2795 Philippo
417 2721 539 2793 scripsi)
553 2721 690 2776 redditas.
698 2713 743 2785 11)
764 2721 833 2793 lpse
846 2721 996 2778 Dominus
1009 2723 1115 2790 Jesus,
1129 2726 1212 2782 salus
1225 2734 1254 2782 et

187 2815 246 2869 vita
263 2824 382 2879 nostra,
402 2828 486 2866 amor
503 2822 532 2866 et
548 2810 653 2866 fiducia
664 2819 781 2878 nostru,
799 2809 837 2864 sit
849 2809 1026 2880 vobiscum,
1044 2812 1133 2867 sicuti
1147 2831 1249 2889 spero,

187 2905 297 2971 Amen,
332 2903 383 2957 Ex
401 2901 566 2969 Gruboco‚
583 2893 630 2968 ²⁵)
648 2900 695 2955 die
710 2897 941 2969 Margarethae,
964 2900 1136 2959 Mnxxx.

971 2990 1066 3050 Mart.
1088 2992 1214 3062 Luther.

253 3072 351 3127 Saluta
367 3072 415 3128 M.
432 3069 574 3128 Eisleben
593 3081 622 3125 et
639 3070 714 3125 elios
731 3083 848 3126 omnes.
871 3062 919 3135 16)

237 3215 258 3264 1)
276 3210 351 3255 flue.
370 3207 476 3254 solicite.
528 3210 551 3257 ‘ll
569 3206 645 3252 Flac.
663 3203 793 3262 suspirans.
850 3207 873 3260 3)
892 3206 977 3268 Βυᾱιῐ,
999 3209 1246 3261 lutuoslramnll.

183 3273 387 3331 llueplthesln.
411 3274 467 3325 518.
477 3270 576 3317 Tamen.
591 3273 636 3318 tttu
646 3273 676 3320 st.
687 3273 768 3318 mode.
795 3274 816 3325 t)
827 3273 852 3319 B.
862 3283 884 3319 a.
895 3275 926 3322 lt.
941 3272 979 3320 1²1.
989 3277 1077 3322 nostrl.
1102 3277 1246 3329 ΜΗ).

185 3343 208 3393 8)
221 3341 246 3385 ll.
261 3339 410 3395 superbiunt.
461 3341 482 3389 1))
496 3335 734 3388 sermunculis.
749 3340 775 3384 c.
785 3339 880 3386 Auris.
890 3341 1023 3388 cesseritis.
1036 3342 1160 3391 fl-lrnr
1169 3340 1253 3390 minus

138 3400 140 3405 ’
186 3404 358 3450 voscredalis.
385 3403 499 3452 oruttu:
515 3402 960 3456 ftlttlulutfttuuiultlltiiuttltuui
976 3410 1034 3460 t'sult
1046 3409 1247 3461 turritutlslttlt

186 3471 270 3523 uetur.
321 3474 353 3521 tot
367 3469 391 3513 ll.
406 3469 502 3513 fratres.
554 3466 737 3525 lllll·²¹iquid.
764 3471 1079 3531 unnidmotolltiperu
1132 3475 1196 3528 12)ss
1219 3475 1245 3520 c.

185 3559 210 3568 -·
223 3535 269 3580 llic·
321 3538 353 3586 ts)
372 3538 400 3580 A·
419 3537 503 3579 nostra
522 3536 547 3578 et
564 3535 683 3589 corrupta
701 3536 804 3583 rostellis
823 3538 846 3582 tu
861 3538 919 3584 irent
934 3543 1027 3586 intuere
1041 3542 1082 3589 tl).
1108 3541 1162 3601 Quo
1180 3543 1246 3587 facto

186 3598 283 3646 facilius
297 3599 386 3645 vim‘el
399 3599 474 3644 mittas
487 3610 559 3644 carisa
571 3597 636 3645 leret
650 3602 695 3644 ela.
749 3604 780 3654 tt)
797 3601 835 3647 Fl.
853 3627 878 3636 -
895 3604 984 3650 Nostra
995 3628 1021 3638 -
1033 3604 1110 3651 timui.
1138 3607 1199 3653 stom
1213 3606 1247 3652 tiu

185 3668 206 3713 b·
220 3668 247 3716 ἴ.
261 3667 319 3718 ltltll
332 3666 403 3715 stetu
416 3675 483 3718 tultis
497 3666 560 3714 Qus.
586 3669 615 3711 Α.
629 3667 644 3717 †
658 3670 760 3721 urgeant
772 3674 830 3714 saue
845 3670 1031 3726 possessorium.
1081 3673 1115 3727 15)
1134 3670 1172 3716 fl.
1190 3671 1245 3717 hoe.

185 3730 392 3785 tulll'suobis.
430 3733 463 3783 17)
479 3731 503 3775 C.
519 3733 551 3775 ct.
594 3729 850 3782 willemannus.
892 3737 925 3782 lll
941 3734 965 3779 C.
980 3737 1056 3782 tectu.
1080 3735 1105 3781 li.
1120 3735 1244 3783 divinitus.

183 3798 218 3850 alt
234 3797 258 3842 C.
273 3808 323 3854 erg.
338 3795 400 3849 tale,
415 3798 473 3848 sunt
485 3806 535 3842 eos.
585 3797 620 3848 31)
636 3795 674 3841 fl.
689 3802 789 3844 exercet
802 3801 827 3844 et
841 3799 976 3845 corifuudit.
1002 3801 1027 3845 ll.
1043 3805 1195 3848 exeoeoatet
1206 3801 1246 3847 de,

184 3865 278 3907 merrtal
291 3861 475 3917 confunditque.
509 3859 596 3917 22llll.
611 3863 673 3906 sunt.
710 3864 746 3911 23)
762 3865 890 3910 stersus
932 3866 967 3916 2))
982 3865 1245 3919 sedium-redditas

185 3925 397 3978 {suitbeulludtl
423 3924 654 3982 Speroetubtuc.
702 3927 988 3981 zspfmsfflrgmo,
1038 3931 1244 3985 mmmm.

185 3990 266 4043 lustu
279 3992 336 4045 tenu
350 3993 390 4055 ltu
402 3990 488 4038 sudu.

55 4252 249 4430 'n
