2586 4696
553 319 645 388 1⁵³0.
1064 313 1126 382 123
1227 308 1232 323 '

66 471 127 545 ipsa
144 488 199 543 sus
210 473 412 546 singularitate
426 491 493 533 esse
505 477 707 547 periculosum
720 481 747 532 el
759 471 896 541 scmdalu
906 488 999 548 paene
1012 470 1107 528 simile
1114 511 1125 540 ,

65 564 149 634 quasi
174 581 237 619 non
258 566 323 635 jam
346 565 417 620 salis
434 567 534 621 omnia
551 577 652 622 nostra
668 565 797 636 generali
812 565 873 623 Dei
891 574 1051 635 praecepto
1067 562 1127 616 sint

61 652 91 706 in
108 654 230 708 cultum
245 654 307 710 Dei
325 655 476 724 ordinata,
494 667 527 710 ut
543 644 713 726 ingloriam
731 665 762 710 et
776 652 893 709 laudem
905 653 931 719 ²)
949 651 1009 706 Dei
1026 650 1127 706 omnia

61 743 224 811 faciamus,
250 743 572 813 dicamus,feram11s,
597 747 749 827 vivamus,
774 743 831 799 nisi
852 743 899 799 ille
916 743 947 810 ²)
971 739 1126 810 singularis

60 828 187 887 Sanctus
205 833 306 889 veniat
327 849 397 888 cum
413 849 470 888 suo
488 833 616 889 electilio
633 850 743 905 opere,
760 833 824 887 sine
840 831 921 887 omni
932 831 1124 899 necessitate,
1180 882 1184 889 .

58 921 125 975 sine
143 920 244 976 verbo
261 921 344 990 Dei,
363 931 394 976 et
409 922 497 978 nobis
515 922 718 992 spectaculum
737 914 891 994 praebeat,
916 920 1000 993 quasi
1018 919 1126 974 melius

59 1010 203 1082 quiddam
219 1020 399 1069 ostensurus
416 1028 506 1084 quam
524 1024 661 1080 caetera,
687 1029 762 1084 quae
780 1011 844 1083 jam
864 1019 969 1067 statuta
986 1010 1126 1064 divlnitus

57 1100 228 1167 lubemm,
246 1117 317 1155 cum
334 1102 383 1156 his
400 1118 457 1156 nec
474 1102 569 1157 simile
587 1101 747 1174 quidquam
763 1100 860 1174 possit
872 1092 929 1156 uec
943 1099 1046 1154 debeat
1057 1114 1128 1155 cen.

59 1190 140 1257 seri,
167 1188 316 1263 quidquid
331 1191 426 1246 homo
444 1191 631 1260 excogitarit.
664 1191 717 1245 Tu
734 1190 861 1258 videris,
884 1206 920 1244 au
937 1200 967 1244 te
984 1197 1066 1244 recte
1083 1187 1128 1242 in.

58 1279 249 1335 tellexerimt
272 1278 358 1334 aliter
376 1278 441 1349 Jam
466 1297 528 1335 uon
551 1280 683 1349 cogitare
706 1279 743 1333 de
764 1277 794 1347 ³)
821 1279 878 1335 tuis
904 1277 1006 1334 verbis
1029 1276 1126 1350 pstui.

56 1367 218 1426 Dominus
246 1368 333 1424 faciat
358 1386 415 1424 vos
442 1369 528 1425 brevi
552 1370 687 1426 reduces.
731 1371 828 1424 Saluta
856 1385 962 1424 omnes
992 1377 1125 1424 nostros.

61 1459 168 1517 Gratia
185 1459 250 1514 Dei
268 1475 339 1514 cum
357 1459 494 1515 omnibus
510 1459 596 1516 vobis
606 1500 616 1529 ,
633 1463 742 1516 Amen.
775 1459 826 1515 Ex
835 1459 949 1517 Eremo
962 1459 1083 1530 coburg
1094 1451 1127 1528 ⁴)

57 1554 84 1606 3.
103 1551 255 1620 Augusti,
270 1540 301 1617 ⁵)
320 1549 489 1606 MDxxx.

759 1614 910 1673 Maeuius
927 1614 1093 1671 Lutherus.

122 1727 210 1788 melu
223 1726 301 1793 &aas
310 1725 341 1789 iu
354 1726 536 1798 elaenluuim
553 1737 586 1785 ut
600 1730 713 1798 dicitis,
732 1729 784 1784 sed
801 1728 873 1784 mihi
886 1729 950 1799 jam
968 1737 1012 1783 est
1029 1727 1128 1796 ειμι

65 1818 316 1887 simigissimum,
333 1820 414 1891 quod
426 1820 477 1892 ¹sic
494 1837 543 1876 me
559 1822 683 1876 invitum
701 1821 784 1875 Satan
802 1818 882 1890 cogit
898 1817 997 1874 feriari
1010 1830 1040 1873 et
1051 1830 1129 1873 tem.

66 1925 121 1980 pus
137 1908 277 1979 perdere.
296 1900 328 1975 ⁶)
1154 1936 1165 1988 3

126 2019 164 2075 Iu
180 2018 325 2076 Ecclesia
344 2019 430 2076 deest
446 2038 535 2077 causa
553 2023 662 2092 legum.

64 2116 90 2166 1.
106 2109 253 2166 Efficiens
271 2109 357 2165 deest
373 2127 460 2164 causa
469 2152 479 2181 ,
502 2113 569 2184 quia
587 2113 684 2169 nullus
700 2111 791 2169 habet
801 2113 864 2184 jus.

62 2204 89 2256 2.
104 2200 239 2268 Fidelis,
256 2200 325 2270 quia
342 2201 441 2257 omnia
458 2208 527 2257 sunt
539 2202 603 2272 jam
621 2213 776 2276 praecepta
794 2212 824 2258 et
838 2210 962 2271 statuta,
981 2216 1056 2274 quac
1067 2201 1126 2272 pia,

126 2289 230 2358 licita,
248 2290 376 2345 honesta
393 2303 421 2346 et
438 2292 615 2347 adsalutem
632 2294 800 2350 necessaria
815 2303 902 2363 sunt,
920 2310 977 2348 nec
991 2304 1037 2349 est
1049 2293 1128 2349 ullus

128 2378 207 2434 alius
226 2377 304 2435 finis.
396 2422 399 2426 s

63 2472 90 2530 ³.
105 2468 279 2544 Materialis
298 2469 401 2538 deest,
423 2470 491 2542 quia
513 2487 562 2527 res
581 2479 609 2527 et
625 2485 748 2528 externa
765 2472 866 2528 mundi
882 2473 961 2528 bona
977 2489 1039 2527 ιιοιι
1056 2479 1129 2546 ιιιιιιΙ

130 2557 310 2627 Ecclesiae,
328 2560 380 2615 sed
398 2562 557 2633 spiritualia
575 2571 605 2617 et
622 2574 749 2619 aelerna.

71 2645 275 2718 uForuulis,
300 2647 367 2722 quia
389 2652 496 2707 melius
520 2663 549 2707 et
566 2653 661 2724 aplius
680 2652 751 2707 nihil
768 2662 868 2724 potest
886 2652 1013 2708 ordinari
1030 2651 1126 2706 verbo

136 2740 213 2809 Dei,
230 2741 314 2813 quod
331 2741 361 2794 in
378 2742 526 2812 pendete,
545 2758 698 2804 mensura,
716 2759 840 2796 numero
859 2754 887 2798 et
905 2744 1008 2797 ordine
1026 2743 1127 2798 omnia

79 2884 82 2888 ,
138 2829 253 2901 posuit,
280 2839 314 2884 ut
335 2829 431 2898 fides,
456 2830 601 2899 charitas,
629 2847 720 2898 crux,
746 2831 922 2901 decalogus,
950 2844 1126 2904 praecepta,

134 2918 364 2990 promissiones.

98 3017 167 3074 lmu
185 3019 261 3073 ratio
278 3035 339 3072 non
355 3016 433 3089 capit
450 3035 554 3073 causas
571 3020 729 3087 formales,
747 3019 823 3073 sicut
838 3036 935 3092 neque
947 3018 1128 3089 materiales,

164 3125 267 3181 neque
285 3108 459 3163 efficientem
476 3113 541 3172 (aut
554 3109 685 3174 finalem)
702 3110 731 3162 in
747 3109 897 3165 Ecclesia.

67 3214 92 3262 1.
109 3207 222 3263 Finalis
242 3222 329 3261 cansa
346 3208 444 3276 legum
460 3207 489 3261 in
507 3207 645 3262 Ecclesia
664 3208 751 3262 debet
768 3225 834 3262 esse
851 3211 910 3262 vila
932 3216 1060 3262 aeterna.

65 3303 91 3352 2.
109 3297 299 3366 materialis,
322 3308 478 3368 peccatum
497 3308 526 3353 et
543 3309 684 3370 peccator
701 3298 928 3370 justificandus,
953 3299 1079 3354 credens
1098 3305 1128 3356 et

127 3389 247 3458 justitia
264 3405 367 3442 coram
385 3388 466 3442 Deo.

68 3479 93 3533 3.
110 3477 273 3546 Efficiam,
296 3478 446 3532 Dominus
465 3478 540 3532 vitae
558 3487 702 3532 aeternae.

68 3564 95 3623 l.
111 3568 260 3624 Formalis
279 3584 367 3621 causa
385 3577 432 3621 est
448 3568 572 3621 verbum
590 3569 694 3622 vocale
712 3566 740 3621 iu
764 3567 869 3638 spiritu
891 3566 1031 3636 doctum,
1057 3583 1128 3622 con.

135 3668 277 3729 ceptum,
296 3673 357 3711 uon
374 3667 485 3712 lantum
502 3657 530 3711 in
549 3656 651 3711 charta
669 3668 718 3711 aut
735 3673 811 3712 voce
829 3657 985 3727 signatum.
1127 3662 1129 3666 ⁴

118 3856 430 3907 venel-ellaudem.
479 3857 651 3917 urimini.
700 3858 854 3912 ilcoele.
904 3816 1146 3908 llAuril.l³lac.'

67 3931 210 3987 -ςοιιιις,
260 3933 283 3984 5)
303 3931 524 3988 eustasium
574 3935 595 3984 6)
612 3932 682 3986 misse
701 3933 840 3986 ιῑιώιώιιιι
859 3933 899 3985 ιιι
917 3930 1000 3981 coel.
1018 3931 1051 3977 ιιιι
1070 3931 1127 3980 uus

71 4005 249 4057 nauscantes.
