2586 4696
610 302 702 371 asso.
887 286 891 291 '
1131 299 1169 370 tt

119 410 267 515 Gratim
289 465 321 516 et
332 472 447 535 ¹patrem
469 459 499 515 in
522 458 654 532 Christo.
688 460 805 531 Habes,
830 460 958 519 Cordate
981 461 1174 527 charissime,

118 546 166 604 hie
182 550 310 604 alteram
326 552 440 619 viram,
461 551 582 606 aiteram
606 569 665 610 non
689 554 784 607 virent
807 554 981 624 epistolam,
995 551 1022 617 ¹)
1047 552 1109 606 hoc
1132 559 1177 606 est

119 639 217 712 ipsum
240 639 437 695 Februarium
452 640 484 705 ⁸)
508 652 540 697 et
561 657 642 697 meas
665 643 763 698 literas
787 641 822 697 nt
845 642 1049 714 Episcopum,
1066 639 1109 708 ⁸⁸)
1136 656 1177 696 ex

116 729 227 802 >quibus
245 730 360 803 poteris
377 729 537 802 intelligere
555 732 669 800 omnia,
687 748 768 804 quae,
781 749 838 802 ego
851 750 929 787 nuuc
946 729 1012 787 scio
1030 732 1066 785 de
1082 730 1177 786 comi.

119 819 163 877 tiis
181 818 260 875 istie.
295 819 368 875 Ideo
384 818 459 874 nihil
477 820 600 891 amplius
617 820 733 889 habeo,
753 820 834 892 quod
851 822 886 875 ad
902 832 931 876 te
949 820 1088 877 scribam.
1120 817 1178 875 Jo-

119 924 167 965 nas
178 908 306 974 scribit,
325 923 392 964 sese
403 909 523 964 affuisse
539 911 567 964 in
583 910 742 978 audientia,
759 925 829 964 eum
841 920 1013 965 nostrorum
1026 909 1177 966 confessio

121 1009 164 1054 est
178 997 309 1053 recitata
325 997 495 1071 eDoctore
511 998 680 1054 Christiano
698 998 810 1053 duabus
827 999 947 1068 integris
965 997 1067 1066 horis,
1090 998 1179 1052 vidis.
1214 987 1217 995 ’

119 1103 209 1160 seque
223 1103 259 1143 se
268 1086 298 1150 ²)
315 1087 415 1142 vuum
427 1087 578 1156 omnium,
595 1089 630 1142 de
644 1104 705 1159 quo
718 1088 790 1143 mihi
805 1089 932 1159 spondet
944 1089 1141 1142 narrationem
1151 1085 1178 1150 ³)

119 1193 233 1233 eoram.
269 1175 376 1231 liabeo
399 1176 465 1246 ejus
482 1177 681 1232 consessionis
698 1175 749 1232 hic
773 1177 944 1249 exemplar,
971 1177 1025 1241 sed
1040 1175 1179 1231 mandato

118 1266 335 1327 mutiendum·
355 1264 444 1320 Certe
461 1264 639 1322 instructum
655 1276 684 1327 et
696 1267 770 1322 mire
787 1266 955 1322 laboratum
972 1276 1018 1322 est
1030 1259 1060 1332 ⁴)
1077 1265 1115 1319 ab
1131 1266 1181 1320 ad.

117 1356 274 1424 versariis,
292 1371 330 1410 ne
341 1355 450 1410 Caesar
462 1371 525 1409 eam
538 1356 703 1412 admitteret
712 1354 791 1423 'nere
804 1357 930 1413 audiret:
948 1356 1068 1429 publice
1081 1367 1179 1412 tamen

70 1464 76 1479 ⁰
117 1462 219 1502 coram
238 1445 333 1515 vulgo
358 1443 472 1515 imperii
489 1443 547 1514 legi
565 1461 625 1499 uon
641 1444 751 1516 potuit,
771 1445 833 1500 hoc
856 1445 1025 1504 effecerunt.
1058 1441 1179 1500 Deinde

116 1535 252 1592 &rearis
264 1535 358 1606 jussu
376 1533 478 1590 tradita
494 1545 540 1589 est
556 1544 586 1589 et
603 1534 677 1589 iectu
695 1550 798 1589 coram
810 1543 873 1590 toto
886 1535 1023 1608 imperio,
1042 1535 1070 1590 id
1084 1526 1179 1602 est,⁵)

116 1622 312 1696 Principium
324 1633 353 1678 et
367 1622 493 1678 statibus
505 1622 630 1695 imperii.
659 1622 738 1678 Mihi
748 1622 944 1680 vehementer
954 1624 1052 1695 placet
1063 1624 1179 1680 vixisse

116 1715 241 1772 anano
260 1713 386 1778 horam,
399 1727 467 1783 ⁴qua
484 1711 619 1767 Christus
641 1727 695 1783 per
712 1727 786 1768 tuos
811 1722 911 1768 tantos
933 1715 1125 1768 confessores
1149 1715 1179 1770 iu

116 1816 189 1862 usto
217 1817 373 1860 consessu
390 1801 508 1873 publice
530 1806 577 1857 est
593 1801 780 1874 praedicente
801 1801 994 1857 confessione
1009 1802 1094 1874 piane
1115 1804 1180 1876 pul.

121 1895 281 1952 cherrima.
314 1892 356 1948 Et
376 1892 518 1963 impietur
539 1890 626 1948 iilud:
651 1887 823 1965 Loquebar
841 1891 879 1946 de
900 1891 1092 1948 testimoniis
1113 1893 1179 1948 tnr'r

118 1985 337 2057 iroonspectu
347 1997 469 2056 reqrrnr,
485 1980 654 2052 implebitur
666 1974 738 2046 et⁶)
749 1995 816 2037 non
827 1978 1057 2050 confundebar.
1087 1983 1177 2058 Quis,

118 2077 166 2151 qui
183 2094 238 2130 me
265 2071 431 2142 consessus
443 2069 553 2141 suerit
566 2071 627 2136 (sic
639 2069 723 2128 ,dicit
744 2070 793 2141 qui
811 2087 871 2126 nou
888 2072 1043 2136 mentitur)
1065 2085 1179 2127 eoram

118 2163 316 2232 hominihus,
339 2159 512 2230 corfitehor
527 2167 558 2215 et
574 2177 631 2235 eqo
647 2176 718 2216 erem
735 2176 846 2216 corum
858 2167 957 2234 patre
973 2178 1040 2237 meo
1056 2163 1114 2238 qui
1130 2171 1178 2220 est

118 2254 277 2312 neoda.
301 2245 334 2320 ⁷)
625 2267 628 2272 ·
872 2322 874 2326 ‚

177 2369 233 2426 De
259 2366 324 2422 aliis
342 2364 431 2420 rebus
453 2361 577 2431 (eredo)
596 2349 640 2417 ‘ex
663 2361 725 2417 aliis
749 2363 849 2417 omnia
869 2361 962 2418 noris.
1000 2360 1072 2419 Sunt
1096 2361 1175 2419 enim

122 2474 252 2514 axonae
277 2470 402 2528 pompae
425 2453 577 2522 ingressus
602 2450 777 2506 Caesariani.
808 2451 874 2521 Ego
899 2451 1002 2506 videre
1025 2468 1121 2520 cogor
1148 2462 1178 2509 et

122 2552 251 2621 palpare,
268 2544 348 2619 quod
360 2560 432 2598 vere
445 2544 531 2597 Deus
543 2543 655 2596 dicatur
671 2541 828 2596 exauditor
839 2558 977 2611 precum,
993 2541 1138 2598 Psai.82.:
1147 2537 1175 2607 ὅ)

121 2639 177 2695 hoc
197 2654 311 2694 nomen
322 2636 392 2706 jure
415 2643 445 2688 et
461 2633 567 2687 merito
586 2629 697 2685 canitur
719 2631 745 2685 ei
768 2632 796 2684 in
812 2640 877 2686 toto
900 2631 983 2685 orbe.
1019 2632 1121 2706 Quare
1146 2645 1176 2688 tu

122 2745 207 2801 perge
232 2742 319 2782 orare
343 2735 373 2779 et
397 2739 502 2778 omnes
526 2723 560 2776 ad
585 2721 747 2789 orationem
773 2720 970 2789 inflammare,
1001 2725 1175 2791 praesertim

123 2837 171 2890 pro
188 2819 319 2872 Caesare
336 2815 448 2885 optimo
466 2812 514 2865 iiio
528 2811 639 2881 juvene
657 2810 744 2876 digno
760 2809 822 2864 Dei
840 2819 869 2863 et
885 2808 1040 2865 bominum
1058 2829 1173 2870 aurore:

125 2908 224 2964 deiude
247 2922 305 2977 pro
323 2921 384 2959 uon
400 2902 499 2955 minus
516 2900 596 2979 bono
612 2898 753 2968 Principe
772 2908 877 2953 nostro
900 2910 929 2954 et
945 2902 1038 2969 magis
1061 2902 1172 2959 ferente

123 3013 260 3063 crucem,
284 3005 314 3049 et
331 3010 386 3065 pro
403 2990 560 3062 Phiiippo,
584 2988 635 3060 qui
650 2987 762 3042 misere
785 2989 918 3044 securis
943 3002 1072 3062 torquet.
1105 2993 1172 3063 Ego

122 3088 143 3144 ti
160 3085 317 3153 vocabor,
334 3081 451 3138 vocabo
469 3090 498 3134 te
515 3094 652 3151 quoque,
670 3094 708 3131 ne
725 3077 852 3132 dubites.
884 3078 1036 3154 Dominus
1053 3094 1170 3152 tecum,

102 3180 227 3235 'Ameru
262 3173 314 3230 Ex
329 3172 441 3229 Eremo
458 3170 484 3225 ⁶.
499 3167 571 3224 Julii
580 3208 591 3236 ,
608 3165 777 3222 MDXXX.

753 3292 794 3348 Τ.
811 3291 960 3350 Martinus
975 3294 1137 3354 Lutherus.

164 3594 187 3643 r)
203 3587 287 3635 coer,
299 3609 325 3620 -
337 3584 437 3632 auson
449 3587 494 3630 erc.
531 3583 554 3630 as
570 3581 650 3628 coer.
663 3584 692 3626 n
704 3607 729 3616 -
741 3594 774 3627 se.
812 3586 834 3632 u
847 3585 872 3631 u.
887 3585 1010 3638 retenire
1021 3551 1168 3633 nmatione.

117 3665 265 3715 iiii-et
293 3658 559 3705 Coel.Codd.-e⁸t.
608 3655 862 3708 Sicori—idest.
912 3660 1170 3718 6)B.†idquodse.

119 3740 208 3797 quitur.
258 3727 569 3786 Mocimocoeleetl.
617 3728 780 3777 stenem.

118 3872 346 3892 μ

165 3978 191 4029 ·)
208 3972 336 4033 urranne-
388 3969 426 4024 ··)
445 3971 484 4017 itu
495 3968 548 4020 titt.
562 3966 721 4027 martimum..
