2586 4696
177 231 246 355 'nt
625 379 628 389 Ι
655 288 756 361 arn.

182 444 236 505 fuit
253 461 291 502 ro
308 446 379 503 ioco
395 445 563 505 ohrietimia
580 448 699 517 dicere,
720 445 799 521 quod
816 445 925 504 Petrus
938 444 1244 503 Christum'taonerit
1276 435 1277 438 ¹

180 535 302 603 Deum,
326 536 398 593 licet
419 554 491 593 vere
511 556 570 593 non
588 540 711 594 trouerit
727 538 880 594 Christum
896 538 1008 593 Deum.
1040 536 1113 592 Nec
1130 536 1244 593 suffieit

180 621 308 695 fingere,
325 628 405 698 quod
423 627 531 684 Petrus
550 638 672 700 propter
687 628 794 696 vulgus
811 627 1002 699 appellaverit
1018 627 1135 682 virum:
1154 635 1243 682 oerte

180 715 233 786 qui
249 715 347 770 virum
363 710 539 786 appellavit,
565 717 631 771 ideo
655 733 717 772 non
739 716 831 771 tacuit
849 717 968 784 Deum,
992 716 1049 771 nisi
1072 715 1158 787 quod
1179 731 1244 771 aon

178 804 281 876 potuit
298 820 336 859 eo
353 804 423 861 looo
442 806 511 860 ittae
528 806 626 860 literae
637 804 757 874 Deum,
775 805 857 877 quod
872 805 1013 860 Erremus
1031 816 1132 861 tamen
1149 804 1245 874 exigit

178 911 286 955 nevere
303 905 364 950 tam
379 893 449 963 hio,
466 909 556 966 quam
572 895 638 950 alibi
656 911 761 966 saepe,
788 895 901 966 absque
919 896 978 950 ulla
996 911 1106 964 eausa,
1124 905 1243 951 tantum

178 995 213 1043 nt
229 984 347 1041 insidiae
363 994 454 1040 etruat
476 985 637 1057 imperitia,
660 978 696 1041 et
715 996 887 1058 euapeotem
911 984 1085 1055 religionem
1104 995 1243 1042 nostram

177 1075 275 1132 turin.
639 1080 641 1084 ‘

242 1179 337 1235 Recto
354 1179 511 1251 Cat-penaio
528 1180 595 1249 ille,
611 1180 749 1252 quinquie
766 1179 837 1250 luit,
854 1195 926 1235 eum
942 1179 1154 1251 reprehendit,
1179 1189 1244 1255 ten.

175 1285 267 1340 quam
285 1270 433 1325 fautorem
449 1270 631 1325 Arianorum
653 1270 683 1325 in
704 1269 883 1341 praefatione
899 1273 924 1335 ¹)
943 1269 1063 1338 Hilarii,
1087 1271 1140 1325 ubi
1166 1271 1243 1327 sori.

176 1367 293 1430 paerate
324 1357 391 1414 Noa
403 1359 544 1413 audemus
555 1358 697 1430 Spiritum
710 1368 846 1414 sanctum
857 1359 1003 1431 appellere
1016 1359 1138 1426 Deum,
1156 1360 1243 1432 quod

175 1457 293 1514 ueteres
311 1449 373 1503 anai
390 1465 452 1504 non
466 1456 543 1504 aunt.
579 1448 623 1504 lbi
635 1464 706 1503 oum
717 1448 794 1504 bene
805 1450 989 1516 admonitus,
1007 1449 1133 1507 deberet
1145 1466 1242 1520 agno.

178 1553 265 1594 acere
281 1551 350 1593 auae
367 1538 507 1610 pulchrae
525 1536 631 1608 figurae
652 1548 682 1593 et
699 1539 900 1606 heleniensis,
925 1549 955 1593 et
977 1556 1031 1594 eos
1058 1541 1242 1609 emendare,

175 1645 238 1685 non
253 1628 345 1684 modo
363 1627 392 1682 id
409 1628 574 1696 punierit,
592 1627 644 1681 aed
662 1626 811 1682 maledicit
828 1627 896 1682 istra
913 1629 1033 1683 Satanae
1051 1629 1239 1699 calumnias,

178 1728 208 1773 et
225 1717 315 1789 duplo
331 1717 424 1786 magia
440 1716 517 1780 ridet
534 1717 731 1784 divinitatem,
756 1732 845 1788 quam
863 1727 944 1772 ante:
972 1728 1049 1799 tanta
1070 1729 1120 1773 est
1144 1718 1242 1774 confi.

178 1808 274 1864 dentia
299 1810 327 1862 in
351 1825 404 1863 eun
427 1807 645 1878 flexiloquentia
669 1822 724 1861 eeu
747 1807 977 1878 amphibologia.
1010 1808 1118 1864 Nihilo
1136 1810 1240 1866 minue

178 1899 264 1954 valde
281 1899 360 1953 aerio
379 1894 538 1953 confitetur
555 1896 702 1963 Triaden,
726 1905 756 1948 et
776 1896 848 1950 nihii
867 1897 964 1952 minus
983 1898 1095 1954 seciam
1113 1899 1180 1955 vult
1195 1900 1240 1955 vi.

179 1987 261 2055 deri,
277 1989 367 2059 quem
383 2002 509 2056 negatae
525 1984 703 2039 Trinitatem
719 1984 910 2054 Divinitatia,
934 1987 992 2041 nisi
1010 1986 1092 2058 quod
1110 1989 1240 2045 curioni.

176 2072 275 2138 'tatem
297 2077 499 2130 recentiorum
522 2073 625 2145 (quam
648 2083 752 2145 poatea
769 2090 824 2144 pro
845 2075 993 2144 diligentie
1015 2078 1179 2134 commode
1196 2079 1241 2133 in.

190 2165 341 2237 ,erpretari
351 2163 466 2233 exiget)
481 2173 590 2229 narrat,
602 2162 693 2216 multa
706 2178 744 2216 ex
757 2161 913 2232 scripturis
925 2166 1090 2234 accepisse,
1103 2178 1134 2220 et
1148 2182 1239 2224 auooa

179 2270 266 2322 osae,
284 2269 359 2325 quae
377 2262 494 2306 veteres
511 2267 573 2320 non
589 2261 691 2305 essent
708 2250 789 2304 euti:
807 2253 890 2323 quasi
907 2251 1063 2307 hominum
1081 2257 1240 2312 autoritate

179 2346 287 2402 nitatur
302 2343 405 2412 religio
421 2340 582 2396 christiana
599 2333 772 2404 (hoc‘entm
791 2340 914 2396 intendit
928 2344 1135 2414 persuadere).
1168 2345 1240 2402 Hoc

179 2444 228 2491 eat
243 2434 322 2488 aliud
338 2431 430 2497 nihil,
448 2446 537 2501 quem
553 2445 608 2501 pro
626 2429 729 2483 fabulis
745 2428 848 2484 haberi
866 2431 1018 2486 universae
1035 2433 1208 2500 religiones.

245 2541 301 2595 Hic
318 2539 402 2611 piane
420 2536 535 2591 etiamsi
553 2536 710 2606 Carpensis
727 2535 757 2588 in
775 2536 874 2590 multis
891 2536 963 2591 nihii
978 2538 1031 2603 sit,
1049 2551 1076 2592 et
1089 2539 1242 2597 hostiliter

181 2631 350 2688 Lutherum
368 2640 464 2698 petat,
483 2637 581 2680 tamen
597 2625 741 2680 Erasmus
760 2625 884 2678 inaudite
901 2629 1035 2697 superbia
1055 2643 1157 2699 putat,
1174 2648 1242 2686 our.

181 2739 236 2778 nea
253 2721 390 2776 homines
409 2734 476 2772 osse
493 2717 606 2788 stipites
624 2726 654 2769 et
671 2727 815 2782 truncoS,
835 2715 885 2786 qui
903 2732 958 2769 nec
978 2735 1040 2770 rem
1060 2720 1241 2791 intelligant,

181 2830 240 2869 nec
257 2810 347 2865 verba
365 2810 537 2879 percipiant.
573 2806 653 2875 Lege
671 2822 739 2858 eum
757 2808 875 2872 iocum,
894 2817 924 2859 et
939 2807 1069 2862 observa
1086 2811 1163 2865 mihi
1181 2813 1241 2866 dia.

182 2903 285 2960 bolum
302 2902 494 2954 incarnatum.
528 2896 584 2950 Hic
608 2896 695 2950 iocus
718 2896 805 2962 iecit,
831 2904 863 2950 ut
884 2912 938 2963 ego
962 2898 1048 2967 (quid
1067 2899 1112 2953 alii
1133 2903 1241 2957 facturi

184 3002 253 3049 sunt
262 3032 271 3059 ,
289 2990 425 3054 viderint>
443 2986 570 3042 Erramo
587 3001 646 3039 non
661 2984 798 3051 credam,
815 2985 926 3039 etiamsi
939 2987 1115 3043 confiteatur
1127 2993 1239 3063 apertis

181 3082 301 3148 verbis,
315 3079 467 3134 Christum
480 3093 546 3131 ease
558 3076 674 3130 Deum:
693 3074 744 3130 sed
757 3074 852 3128 dicem
865 3075 933 3129 illud
946 3076 1107 3148 Chrysippi
1120 3082 1241 3154 sophia.

183 3188 248 3230 ma:
266 3172 295 3226 Si
309 3169 458 3234 mentiris,
471 3166 557 3219 eriam
571 3166 652 3236 qnod
665 3182 768 3218 verum
781 3167 871 3234 dicis,
884 3169 1028 3222 inentiris.
1065 3169 1147 3243 Quid
1160 3173 1241 3227 enim

184 3279 261 3333 opus
285 3260 339 3314 fnit
363 3259 404 3328 (si
421 3258 537 3311 sincere
555 3255 696 3320 credidit,
722 3254 858 3326 Spiritum
876 3270 1009 3312 sunctum
1034 3276 1101 3313 esse
1118 3261 1241 3326 Deum)

183 3355 298 3408 dicere:
315 3349 382 3405 Nos
401 3348 542 3401 audemus
560 3343 705 3413 appellare
718 3344 858 3415 Spiritum
871 3356 1003 3401 sanctum
1016 3349 1138 3415 Deum,
1158 3352 1240 3422 quod

182 3443 301 3499 ueteres
318 3456 378 3494 non
397 3435 564 3500 santensi,
583 3444 611 3487 et
628 3433 751 3486 verbum
769 3436 895 3489 eludendi
913 3446 970 3489 tam
990 3439 1069 3492 varie
1083 3452 1238 3511 torquere,

182 3550 263 3590 nunc
282 3532 311 3585 in
327 3529 461 3594 leudem,
484 3541 563 3580 nunc
582 3523 610 3577 in
628 3523 821 3591 vituperium,
848 3526 935 3579 etiam
955 3528 982 3580 in
1001 3529 1113 3583 eisdem
1134 3549 1239 3586 recen.

181 3623 325 3689 tionibus,
352 3634 421 3673 cum
445 3632 502 3671 nos
527 3629 565 3668 ex
583 3612 736 3667 veteribus
760 3614 829 3684 ipsis
848 3613 1106 3686 ltooitnbeamus,
1135 3636 1164 3675 et
1183 3622 1237 3694 ipsi

181 3732 244 3774 non
268 3713 361 3769 simlia
380 3708 408 3775 ²)
431 3705 493 3760 ausi
519 3705 655 3776 primum.
691 3702 807 3757 Deinde
833 3705 1022 3761 manifestum
1047 3710 1238 3768 menducium

181 3855 705 3887 -·-—-·--·-----·

167 3994 190 4031 3
228 3960 385 4021 putten
434 3952 619 4011 addulam.
