2586 4696
540 321 631 397 tras
688 288 745 317 ”
899 284 905 290 ’
1052 323 1116 396 tao

88 484 114 543 1.
130 476 224 548 miii·
840 483 1080 545 N⁰.MDOCX.

277 645 287 653 .,
357 612 406 683 tta
428 609 521 695 {tat
542 612 772 685 ortonam

103 755 130 808 θ.
142 752 295 810 rationibus
308 753 355 806 itta
368 753 506 810 sannam
519 754 566 802 nit
578 754 655 807 setara
667 755 743 802 atrita
757 753 908 810 &risissent
928 765 975 805 toa
989 757 1064 812 stare
1086 806 1090 817 ,

342 827 517 882 iiittttaatmm
528 827 669 882 martiris,
683 831 730 877 aas
742 828 833 884 <stite
988 835 995 844 ·

105 1038 160 1092 mas
173 1038 284 1095 oriniaci
295 1038 323 1089 in
335 1041 374 1087 tre
386 1015 657 1092 martenraarsorn
668 1040 738 1091 witi.
751 1039 777 1088 tn
789 1016 933 1097 statatum
950 1043 977 1090 ta
989 1041 1113 1099 munima

53 1114 98 1169 ter
109 1113 227 1172 Vogler
239 1114 256 1160 Ι.
269 1127 306 1172 c.;
320 1115 346 1161 itt
358 1117 415 1160 Act
434 1114 554 1160 Bornos.
567 1114 586 1160 1.
600 1117 688 1172 μεως
703 1115 743 1167 irs
755 1115 1024 1164 sunici-Banna
1035 1120 1113 1176 latii.

55 1236 244 1299 Venerabili
265 1239 300 1294 in
321 1236 449 1295 Christo
468 1238 567 1308 Vino,
592 1235 735 1292 Domino
752 1237 877 1293 loanni
892 1238 1112 1312 Brtsmamo,
1168 1225 1169 1233 ἵ

124 1328 317 1403 Theoloqiae
342 1326 482 1384 Doctori
505 1344 579 1382 nero
602 1333 632 1380 et
647 1341 733 1381 nunc
751 1325 998 1402 Koniqsberqac
1014 1330 1113 1388 mini·

66 1478 71 1485 .
120 1417 411 1487 rtrofidelissimo,
427 1433 487 1472 suo
502 1416 537 1471 in
554 1414 697 1471 Domino
704 1413 819 1488 fratri
834 1417 1036 1475 charissimo.
1072 1421 1076 1429 '

54 1517 111 1610 G·
130 1574 161 1620 et
176 1563 213 1620 Ρ.
247 1561 360 1620 Gnatae
377 1575 508 1634 'semper
532 1565 617 1618 fuere
639 1563 713 1617 mihi
738 1573 804 1618 tuae
828 1564 931 1619 literae
939 1561 955 1633 ,’
972 1565 1013 1620 mi
1030 1566 1127 1624 Bris.'

54 1660 182 1723 manne,
199 1652 308 1724 quibas
326 1653 406 1724 qnod
423 1668 484 1707 non
501 1660 622 1724 semper
638 1653 794 1724 respondi,
813 1653 879 1725 ipse
895 1664 928 1710 tu
944 1655 996 1711 tibi
1014 1657 1114 1714 reddis

52 1744 204 1802 rationem
221 1743 252 1799 in
267 1743 361 1797 literis
378 1742 453 1810 tuis,
470 1742 585 1797 scilicet
602 1758 674 1797 vere
692 1758 759 1797 sum
776 1753 949 1815 occupatus.
983 1745 1041 1801 Sed
1059 1750 1123 1802 oc.‘

55 1833 224 1905 enpationie
240 1848 302 1887 non
319 1841 363 1886 est
379 1840 458 1886 tanta
475 1831 582 1902 culpa,
607 1840 713 1902 quanta
729 1831 968 1902 tabeilariorum,
992 1836 1043 1906 qui
1063 1838 1114 1893 re}

11 1942 31 1983 .·
54 1923 197 1998 snperbia
215 1922 264 1978 ael
280 1922 344 1977 sois
361 1908 451 1975 rebaa
467 1921 546 1992 capti
564 1920 680 1992 saepius
697 1936 745 1974 me
757 1921 922 1992 negligunt,
941 1925 1031 1980 etiam
1041 1927 1114 1984 cum

55 2011 242 2086 scripserim.
274 2009 433 2068 Praeterea
449 2010 513 2080 jaan
536 2025 632 2066 senex
652 2025 686 2064 ac
704 2025 765 2064 aon
780 2012 873 2066 semel
892 2023 1032 2083 aegrotas
1049 2032 1114 2087 grn-

55 2104 135 2160 aiter
158 2114 254 2172 cogor
277 2101 471 2157 intermittere
498 2101 592 2155 multo
617 2101 746 2170 majora,
771 2118 862 2173 quam
885 2118 962 2176 quae
988 2116 1060 2161 aunt
1083 2107 1115 2163 in

57 2190 225 2252 scribendis
243 2191 278 2246 ad
296 2191 408 2246 amicos
426 2191 579 2263 epistolis,
599 2206 677 2262 quos
695 2207 751 2261 ego
769 2191 890 2248 confido
906 2195 1116 2255 maximenon

56 2290 146 2357 'egere
164 2281 231 2351 istis
247 2281 394 2336 amicitiae
411 2279 576 2349 illecebris,
601 2281 655 2336 sed
670 2280 760 2336 etiam
775 2297 825 2336 me
843 2295 963 2340 mortno
980 2285 1070 2343 vivos
1085 2297 1119 2345 et-

55 2381 181 2444 vegetos
199 2370 351 2427 doctrinae
369 2368 481 2426 Christi
500 2369 673 2439 ministros,
698 2371 776 2427 inter
797 2382 877 2443 quos
900 2383 932 2429 tu
955 2373 1029 2430 mihi
1052 2392 1120 2433 notr

55 2464 228 2537 postremus
244 2476 365 2533 semper
379 2458 501 2514 habitas
517 2475 569 2517 es.
594 2457 765 2515 Christus'
757 2478 785 2514 rn
803 2471 833 2516 te
851 2464 952 2535 coepit
967 2480 1044 2536 opus
1060 2464 1122 2520 bo

55 2560 145 2621 nam,
170 2550 327 2607 benedicat
352 2558 382 2605 et
407 2549 559 2604 confortet
579 2557 608 2604 te
631 2550 661 2604 in
681 2549 743 2605 istis
761 2551 899 2621 pessimis
916 2553 1118 2626 temporibus..

55 2641 113 2699 set
131 2640 270 2696 Christus
286 2639 381 2696 vincit
397 2648 427 2694 et
444 2647 562 2709 regnat,
577 2641 687 2694 Amen

120 2730 267 2788 Sriatabis
283 2729 357 2784 mihi
375 2737 551 2783 reverenter
560 2726 728 2782 Dominum
735 2727 950 2801 Patientiam,
967 2742 998 2788 et
1007 2750 1121 2792 omnes

56 2821 299 2888 comministros,
319 2818 374 2874 sed
391 2827 420 2872 et
436 2815 478 2872 D.
495 2815 640 2872 Basiliam
657 2819 721 2873 Axt
738 2834 809 2872 oum
827 2820 901 2876 sais.

95 2911 190 2983 Ego
206 2911 268 2967 hoo
285 2908 432 2966 Paschate
449 2923 518 2962 cum
531 2906 650 2962 Christo
666 2909 818 2962 resurrexi
830 2925 847 2963 a
859 2921 971 2968 morte·
988 2912 1025 2968 ita
1037 2916 1116 2972 enim

56 3000 224 3073 aegrotavi,
249 3007 281 3054 ut
302 2996 376 3052 mihi
401 2996 602 3069 persuaserim
623 3011 691 3050 esse
707 2997 891 3066 migrandum
910 3001 945 3055 ad
963 3001 1137 3062 Christum

55 3090 224 3149 Dominum
235 3099 390 3156 nostrum,
408 3087 491 3159 quod
507 3087 614 3157 capide
630 3086 824 3157 expectabam
842 3100 872 3144 et
888 3091 1041 3162 optabam:
1061 3095 1116 3151 sed

57 3181 113 3236 alia
129 3179 185 3235 fuit
201 3178 369 3235 voluntas
362 3194 391 3233 m
410 3176 516 3244 coelo,
542 3175 655 3230 scilicet
677 3184 710 3230 ut
735 3175 802 3248 plus
826 3181 974 3236 malorum
997 3183 1114 3239 videam

56 3286 156 3355 usqae
174 3270 204 3324 in
221 3271 350 3326 foveam.
384 3264 465 3323 Nam
488 3267 606 3321 sectarii
625 3265 747 3337 spiritns
765 3267 855 3323 toties
873 3285 889 3322 a
906 3269 978 3326 Deo
995 3275 1115 3329 contusi

56 3377 119 3417 non
136 3370 253 3416 cessmt
270 3342 385 3426 tamen,
406 3356 485 3412 sicat
503 3367 533 3410 et
550 3367 582 3410 tu
599 3356 728 3422 scribis,
747 3357 847 3411 furere
856 3359 951 3433 ,qnia
969 3359 1043 3416 ille
1035 3379 1115 3434 ipso.

56 3467 125 3507 rum
140 3450 227 3506 Dens
244 3466 305 3506 non
322 3457 421 3504 cessat
437 3447 570 3516 rugiens,
597 3461 755 3517 quaerens
760 3463 851 3517 quem
869 3440 1003 3505 devoret.
1037 3451 1115 3507 Ore.
1174 3438 1176 3442 ¹

55 3555 142 3611 mna,
169 3555 308 3606 oremus,
333 3553 454 3592 oremus
478 3535 626 3591 fortiter
619 3553 648 3589 m
671 3534 727 3591 iide
747 3545 776 3590 et
795 3537 908 3615 vigiles.
941 3538 1057 3597 Certe
1049 3558 1114 3613 ipse

54 3648 118 3687 non
135 3630 255 3685 dormit.
313 3618 315 3622 ⁴

122 3719 194 3775 Vale
212 3713 243 3772 in
259 3710 403 3785 Christ&
421 3715 461 3770 mi
478 3714 584 3781 frater,
604 3721 633 3768 et
650 3729 702 3768 ora
719 3731 774 3785 pro
791 3730 858 3785 me,
880 3725 912 3771 nt
927 3734 968 3773 ex
985 3720 1113 3792 maligno

56 3810 170 3866 mundo
196 3809 274 3875 bona
290 3807 366 3862 hora
382 3821 431 3860 me
448 3804 532 3860 tollat
547 3803 701 3859 Dominus
724 3816 830 3860 noster
845 3804 937 3863 Jeaus
955 3809 1093 3870 Christus
1102 3855 1113 3883 ‚

57 3901 167 3957 Amen.
200 3896 262 3954 Die
279 3897 373 3970 prima
389 3893 481 3968 Maii,
497 3891 707 3952 MDxxxvt
1026 3960 1030 3965 Ι

737 3981 1024 4057 Μηίιωιιιιῐὴετ
1037 3991 1081 4053 D.

140 4080 213 4162 sat.
236 4075 297 4149 tv,
397 4027 423 4035 ..
596 4024 599 4031 ⁸
869 4078 911 4154 tt

1239 3834 1245 3878 i
