2586 4696
590 294 592 298 ’
607 306 699 377 15³0,
1122 302 1182 371 1⁶7

74 450 78 505 ζ
119 459 170 514 tire
182 458 326 509 cassen
338 461 431 519 atui..
444 458 613 511 coelestin.
626 462 709 511 illst.
723 463 744 509 b.
771 456 870 515 bruti&
884 463 924 514 ita
937 461 1033 534 aare
1045 461 1109 510 xvi.
1123 461 1179 511 tstt.

74 536 78 547 '
342 536 400 585 sste
413 538 486 590 trun
498 536 663 585 aurifaber
674 537 709 584 lli
729 537 746 585 f.
759 539 805 585 tm.
819 532 955 594 breellum.

73 738 78 787 g
121 670 272 804 Gratiam
292 727 325 773 et
340 735 449 790 pacem
472 719 502 774 iu
524 717 655 774 Christo.
688 717 853 774 Irascimini
877 726 905 772 et
926 717 1019 772 nolite
1042 729 1180 788 peecare.

73 792 78 803 ²
120 803 193 877 Legi
211 818 278 861 tuas
293 808 484 877 gravissimas
501 810 656 881 querelas,
673 809 714 863 mi
727 808 839 877 Lince,
856 808 893 862 de
911 820 1016 862 nostro
1028 804 1181 878 Philippo,

73 954 76 961 ,
122 906 150 951 et
164 896 223 952 nisi
250 912 292 952 ex
308 909 480 954 nostratem
497 902 650 969 Augustae
672 899 766 955 literis
785 898 926 971 proximo
948 896 1070 952 sabbato
1095 912 1182 951 soce.

73 998 76 1003 '
119 985 177 1057 ptis
195 986 433 1057 intellexissem,
458 1004 577 1043 causam
595 1000 728 1043 nostram
746 1004 815 1043 esse
833 988 972 1059 rejectam
993 986 1029 1039 ari
1047 983 1180 1049 (cesaris

71 1142 77 1159 1
121 1076 282 1146 srbitrium,
298 1076 493 1135 veliementer
505 1079 631 1135 fuissem
644 1077 841 1150 perturbatus.
866 1078 959 1151 Spero
971 1087 1082 1145 autem,
1100 1074 1183 1147 quod

71 1164 75 1181 ¹
121 1177 194 1222 ettu
211 1168 333 1223 interim
345 1168 533 1240 perceperis,
551 1185 671 1224 causam
682 1186 762 1224 nuno
779 1172 807 1224 in
824 1168 879 1224 alio
893 1179 969 1223 statu
986 1183 1072 1234 esse,
1091 1182 1182 1238 quam

120 1268 151 1311 tu
164 1258 263 1313 morlo
281 1256 400 1313 scribis.
436 1257 528 1332 Quod
545 1259 649 1314 sinon
669 1269 736 1324 est,
763 1259 895 1329 egojam
917 1273 1004 1313 acres
1024 1256 1123 1311 literas
1145 1255 1182 1312 sd

120 1344 184 1402 illos
202 1344 327 1413 scribo,
345 1364 399 1420 per
416 1347 685 1419 spangenbergium
708 1347 764 1403 illis
781 1347 955 1416 mittendas,
979 1347 1032 1402 sed
1051 1356 1080 1400 et
1096 1354 1182 1423 entes

118 1436 281 1506 significavi
299 1436 387 1505 satis,
410 1452 509 1492 meam
525 1437 697 1493 sententiam
715 1454 776 1492 noa
794 1452 878 1502 esse,
900 1436 974 1491 tales
992 1435 1180 1513 conditiones

118 1528 150 1580 et'
162 1525 310 1581 articulos
327 1525 470 1596 probare:
495 1542 532 1583 aa
558 1542 600 1581 ex
622 1525 728 1582 talibus
745 1526 837 1583 literis
862 1526 921 1581 sint
940 1525 1012 1580 moti
1036 1525 1072 1579 ad
1093 1540 1181 1596 repu-

118 1615 240 1672 diandas
258 1616 465 1686 conditiones,
483 1617 597 1672 nescio.
633 1615 789 1684 Arbitror,
806 1627 836 1672 et
853 1617 925 1687 ipsis
942 1616 1013 1672 satis
1032 1631 1101 1671 esse
1114 1630 1180 1686 per.

118 1708 284 1776 spectum,
298 1722 388 1777 quam
405 1716 526 1777 turpes,
552 1707 715 1779 probrosae
738 1717 767 1762 et
784 1706 941 1776 sacrilegae
959 1705 1018 1760 sint
1036 1705 1181 1761 conditio.

116 1812 188 1864 aes,
212 1795 326 1868 quibus
344 1796 503 1851 adversarii
520 1808 654 1852 nostram
673 1797 842 1868 parvitatem
860 1805 890 1852 et
913 1795 1110 1851 infirmitatem
1134 1811 1181 1851 sa.

117 1885 180 1941 euri
199 1896 228 1940 et
246 1884 369 1956 superbi
382 1886 469 1958 plane
486 1898 517 1940 et
533 1895 634 1957 aperte
651 1884 839 1941 ludificantur
854 1893 882 1940 et
897 1885 1088 1940 subsannant.
1114 1883 1181 1943 ‚sed

118 1976 279 2044 Christus,
298 1974 350 2047 qui
368 1986 515 2031 excaecat
531 1991 586 2031 eos
604 1988 633 2031 et
651 1975 784 2038 indurat,
799 1985 834 2030 ut
843 1974 1005 2044 Evangelio
1022 1973 1094 2028 nihil
1113 1990 1182 2029 cre.

115 2067 268 2133 daat,'sic
278 2075 361 2138 parat
373 2082 426 2120 eos
439 2065 473 2119 sd
485 2082 567 2120 mare
579 2065 723 2132 rubrum,
740 2074 827 2135 urget
837 2079 892 2121 eos
905 2065 1074 2120 inevitabile
1086 2066 1180 2120 tatum

115 2172 235 2213 eorum.
270 2156 385 2211 Vadunt
397 2155 484 2224 igitur
497 2166 524 2211 et
536 2165 675 2226 pereant,
689 2155 808 2226 quando
827 2155 871 2210 sio
883 2155 1007 2222 volunt,
1026 2154 1179 2210 Dominus

115 2251 172 2303 erit
189 2245 365 2302 uobiscum.
395 2244 498 2321 Quare
515 2255 543 2300 te
565 2263 638 2314 oro,
663 2256 696 2301 ut
719 2245 948 2316 indignationem
973 2255 1053 2302 tuam
1074 2262 1178 2318 ponas.

114 2335 277 2409 Philippus
309 2335 364 2415 etsi
389 2337 468 2391 torre
491 2336 627 2390 tractavit
652 2335 764 2407 aliquas
790 2336 995 2401 conditiones,
1028 2336 1057 2391 in
1081 2335 1178 2391 nullas

115 2437 216 2483 umen
235 2442 422 2482 eonsensum
440 2436 486 2483 est
502 2425 664 2494 hactenus,
682 2444 739 2481 nec
757 2427 850 2499 ipsius
868 2426 990 2497 quidem
1008 2441 1177 2481 consensu:
1196 2466 1203 2473 .

114 2518 166 2573 sed
184 2534 298 2590 spero,
322 2517 472 2584 istslarva
490 2517 642 2571 Christum
661 2534 729 2571 esse
747 2533 852 2584 usum,
876 2528 910 2571 ut
927 2516 1048 2570 luderet
1058 2524 1178 2569 nostros

114 2607 275 2674 illusores,
293 2606 408 2661 scilicet
426 2607 497 2661 salsa
515 2622 569 2678 spe
588 2617 617 2660 et
635 2606 701 2660 ficto
718 2607 824 2674 gaudio
842 2621 894 2659 eos
912 2604 1054 2670 irritaret,
1072 2611 1105 2656 ut
1121 2619 1177 2657 nos

115 2712 279 2764 cessuros,
307 2711 375 2751 sese
401 2713 472 2750 vere
496 2695 630 2750 victuros
656 2697 857 2761 somniarent,
887 2703 956 2765 post
979 2702 1079 2748 ‘sutem
1105 2691 1177 2747 nihii

116 2789 215 2842 minus
234 2785 395 2850 sentirent,
419 2797 447 2839 et
467 2802 499 2839 se
517 2786 600 2854 ipsos
618 2784 723 2838 irrisos
741 2784 917 2837 invenirent.
934 2785 958 2848 ¹)
992 2783 1040 2837 Sic
1057 2797 1112 2851 ego
1136 2781 1180 2837 in.

119 2886 285 2948 terpretor,
311 2891 437 2930 secums
461 2875 541 2946 quod
566 2874 679 2946 absque
700 2891 769 2928 meo
794 2888 944 2928 consensu
967 2874 1085 2927 illorum
1108 2889 1180 2934 cun.

119 2984 224 3023 sensus
244 2967 347 3023 irritus
365 2976 421 3022 est.
456 2967 497 3020 At
514 2965 539 3019 si
558 2966 644 3019 etiarn
663 2982 718 3034 ego
737 2964 832 3035 (quod
853 2964 940 3018 Deus
962 2961 1088 3030 avertat)
1106 2979 1180 3019 con.

118 3061 261 3116 sentirem
279 3057 343 3111 istis
361 3057 531 3125 sacrilegis,
548 3054 709 3109 homicidis
726 3065 757 3109 et
773 3053 892 3126 perfidis
907 3055 1063 3122 monstris,
1082 3065 1180 3108 tamen

117 3147 257 3204 Ecclesia
285 3156 346 3203 tota
374 3146 590 3217 Evangeliique
615 3145 751 3200 doctrina
775 3144 953 3199 dissentiret.
995 3144 1058 3199 Ora
1082 3154 1181 3200 sutem

119 3258 172 3312 pro
189 3257 265 3308 me,
284 3248 314 3294 et
331 3238 396 3293 vele
422 3238 450 3292 in
468 3237 603 3293 Domino
626 3234 759 3290 feliciter.
794 3235 890 3290 Saluta
912 3236 1028 3290 Hevam
1043 3232 1075 3301 α)
1099 3246 1180 3291 tuam

119 3349 188 3386 cum
205 3329 303 3404 prole.
336 3327 536 3395 Ex-Eremo,
562 3330 603 3382 20.
623 3326 792 3399 Septemb„
816 3344 894 3381 enno
910 3326 1079 3383 MDxxx.

872 3489 965 3545 Mart.
982 3488 1147 3545 Lutherus.

168 3993 189 4041 tt
203 3988 285 4038 isram
299 3986 324 4041 tt.
338 3984 456 4043 sentiret,
473 3984 604 4032 inveniret.
629 4027 635 4037 ,
671 3985 693 4033 2)
706 3983 803 4028 Auris.
818 3982 912 4040 lislam
