<?xml version="1.0" encoding="UTF-8"?>
<!DOCTYPE html PUBLIC "-//W3C//DTD XHTML 1.0 Transitional//EN"
    "http://www.w3.org/TR/xhtml1/DTD/xhtml1-transitional.dtd">
<html xmlns="http://www.w3.org/1999/xhtml" xml:lang="en" lang="en">
 <head>
  <title>
</title>
<meta http-equiv="Content-Type" content="text/html;charset=utf-8" />
  <meta name='ocr-system' content='tesseract 3.04.00' />
  <meta name='ocr-capabilities' content='ocr_page ocr_carea ocr_par ocr_line ocrx_word'/>
</head>
<body>
  <div class='ocr_page' id='page_1' title='image "./briefesendschre00luthgoog/briefesendschre00luthgoog_0383.png"; bbox 0 0 2594 4696; ppageno 0'>
   <div class='ocr_carea' id='block_1_1' title="bbox 205 315 779 390">
    <p class='ocr_par' dir='ltr' id='par_1_1' title="bbox 205 315 779 390">
     <span class='ocr_line' id='line_1_1' title="bbox 205 315 779 390; baseline 0.012 -8"><span class='ocrx_word' id='word_1_1' title='bbox 205 315 268 386; x_wconf 76' lang='lat'><strong>356</strong></span> <span class='ocrx_word' id='word_1_2' title='bbox 689 320 779 390; x_wconf 75' lang='lat'><strong>15³2.</strong></span> 
     </span>
    </p>
   </div>
   <div class='ocr_carea' id='block_1_2' title="bbox 197 432 1268 741">
    <p class='ocr_par' dir='ltr' id='par_1_2' title="bbox 197 432 1268 741">
     <span class='ocr_line' id='line_1_2' title="bbox 202 432 1267 550; baseline -0.001 -18"><span class='ocrx_word' id='word_1_3' title='bbox 202 432 347 533; x_wconf 81' lang='lat' dir='ltr'><strong>Gratiam</strong></span> <span class='ocrx_word' id='word_1_4' title='bbox 365 483 394 533; x_wconf 92' lang='lat' dir='ltr'><strong>et</strong></span> <span class='ocrx_word' id='word_1_5' title='bbox 409 493 526 550; x_wconf 84' lang='lat' dir='ltr'><strong>pacem.</strong></span> <span class='ocrx_word' id='word_1_6' title='bbox 560 477 635 535; x_wconf 82' lang='lat' dir='ltr'><strong>Satis</strong></span> <span class='ocrx_word' id='word_1_7' title='bbox 653 479 702 535; x_wconf 89' lang='lat' dir='ltr'><strong>diu</strong></span> <span class='ocrx_word' id='word_1_8' title='bbox 720 478 819 547; x_wconf 87' lang='lat' dir='ltr'><strong>tacui,</strong></span> <span class='ocrx_word' id='word_1_9' title='bbox 833 479 876 535; x_wconf 90' lang='lat' dir='ltr'><strong>mi</strong></span> <span class='ocrx_word' id='word_1_10' title='bbox 893 478 1060 534; x_wconf 80' lang='lat' dir='ltr'><strong>Amadorli:</strong></span> <span class='ocrx_word' id='word_1_11' title='bbox 1086 476 1142 534; x_wconf 87' lang='lat' dir='ltr'><strong>sed</strong></span> <span class='ocrx_word' id='word_1_12' title='bbox 1160 474 1218 534; x_wconf 80' lang='lat' dir='ltr'><strong>luit</strong></span> <span class='ocrx_word' id='word_1_13' title='bbox 1233 475 1267 532; x_wconf 90' lang='lat' dir='ltr'><strong>in</strong></span> 
     </span>
     <span class='ocr_line' id='line_1_3' title="bbox 198 568 1268 644; baseline 0.001 -21"><span class='ocrx_word' id='word_1_14' title='bbox 198 585 290 626; x_wconf 86' lang='lat' dir='ltr'><strong>causa</strong></span> <span class='ocrx_word' id='word_1_15' title='bbox 308 569 413 641; x_wconf 88' lang='lat' dir='ltr'><strong>capitis</strong></span> <span class='ocrx_word' id='word_1_16' title='bbox 428 572 489 626; x_wconf 89' lang='lat' dir='ltr'><strong>mei</strong></span> <span class='ocrx_word' id='word_1_17' title='bbox 506 571 677 640; x_wconf 78' lang='lat' dir='ltr'>aegritudo,</span> <span class='ocrx_word' id='word_1_18' title='bbox 693 587 770 644; x_wconf 88' lang='lat' dir='ltr'><strong>quae</strong></span> <span class='ocrx_word' id='word_1_19' title='bbox 788 570 853 643; x_wconf 91' lang='lat' dir='ltr'><strong>plus</strong></span> <span class='ocrx_word' id='word_1_20' title='bbox 865 587 969 626; x_wconf 86' lang='lat' dir='ltr'><strong>mense</strong></span> <span class='ocrx_word' id='word_1_21' title='bbox 982 571 1096 641; x_wconf 76' lang='lat' dir='ltr'><strong>integro</strong></span> <span class='ocrx_word' id='word_1_22' title='bbox 1109 568 1268 640; x_wconf 82' lang='lat' dir='ltr'><strong>impedivit</strong></span> 
     </span>
     <span class='ocr_line' id='line_1_4' title="bbox 197 658 1267 741; baseline -0.002 -26"><span class='ocrx_word' id='word_1_23' title='bbox 197 675 248 715; x_wconf 90' lang='lat' dir='ltr'><strong>me</strong></span> <span class='ocrx_word' id='word_1_24' title='bbox 266 659 303 714; x_wconf 87' lang='lat' dir='ltr'><strong>ab</strong></span> <span class='ocrx_word' id='word_1_25' title='bbox 320 659 400 715; x_wconf 88' lang='lat' dir='ltr'><strong>omni</strong></span> <span class='ocrx_word' id='word_1_26' title='bbox 418 659 516 717; x_wconf 83' lang='lat' dir='ltr'><strong>officio</strong></span> <span class='ocrx_word' id='word_1_27' title='bbox 536 661 705 741; x_wconf 80' lang='lat' dir='ltr'><strong>scribendi,</strong></span> <span class='ocrx_word' id='word_1_28' title='bbox 726 661 842 732; x_wconf 79' lang='lat' dir='ltr'><strong>legendi</strong></span> <span class='ocrx_word' id='word_1_29' title='bbox 865 670 895 716; x_wconf 92' lang='lat' dir='ltr'><strong>et</strong></span> <span class='ocrx_word' id='word_1_30' title='bbox 918 661 1052 716; x_wconf 91' lang='lat' dir='ltr'><strong>docendi.</strong></span> <span class='ocrx_word' id='word_1_31' title='bbox 1087 659 1184 735; x_wconf 79' lang='lat' dir='ltr'><strong>Quod</strong></span> <span class='ocrx_word' id='word_1_32' title='bbox 1199 658 1267 730; x_wconf 84' lang='lat' dir='ltr'><strong>jam</strong></span> 
     </span>
    </p>
   </div>
   <div class='ocr_carea' id='block_1_3' title="bbox 196 747 1267 1269">
    <p class='ocr_par' dir='ltr' id='par_1_3' title="bbox 196 747 1267 1269">
     <span class='ocr_line' id='line_1_5' title="bbox 198 747 1266 824; baseline 0.002 -20"><span class='ocrx_word' id='word_1_33' title='bbox 198 750 338 820; x_wconf 86' lang='lat' dir='ltr'><strong>proxime</strong></span> <span class='ocrx_word' id='word_1_34' title='bbox 363 750 471 807; x_wconf 87' lang='lat' dir='ltr'><strong>scribis</strong></span> <span class='ocrx_word' id='word_1_35' title='bbox 497 751 533 805; x_wconf 88' lang='lat' dir='ltr'><strong>de</strong></span> <span class='ocrx_word' id='word_1_36' title='bbox 556 751 742 822; x_wconf 70' lang='lat' dir='ltr'><strong>surrogando</strong></span> <span class='ocrx_word' id='word_1_37' title='bbox 765 762 886 824; x_wconf 75' lang='lat' dir='ltr'><strong>pastore</strong></span> <span class='ocrx_word' id='word_1_38' title='bbox 910 747 1061 806; x_wconf 80' lang='lat' dir='ltr'><strong>inlocum</strong></span> <span class='ocrx_word' id='word_1_39' title='bbox 1078 749 1266 811; x_wconf 85' lang='lat' dir='ltr'><strong>Melchioris</strong></span> 
     </span>
     <span class='ocr_line' id='line_1_6' title="bbox 197 839 1266 911; baseline 0 -16"><span class='ocrx_word' id='word_1_40' title='bbox 197 839 370 910; x_wconf 87' lang='lat' dir='ltr'><strong>Miriscbii,</strong></span> <span class='ocrx_word' id='word_1_41' title='bbox 396 850 425 896; x_wconf 97' lang='lat' dir='ltr'><strong>et</strong></span> <span class='ocrx_word' id='word_1_42' title='bbox 449 841 486 896; x_wconf 88' lang='lat' dir='ltr'><strong>de</strong></span> <span class='ocrx_word' id='word_1_43' title='bbox 502 842 696 897; x_wconf 87' lang='lat' dir='ltr'><strong>Hausmanno</strong></span> <span class='ocrx_word' id='word_1_44' title='bbox 719 853 825 897; x_wconf 88' lang='lat' dir='ltr'><strong>nostro</strong></span> <span class='ocrx_word' id='word_1_45' title='bbox 847 840 979 910; x_wconf 87' lang='lat' dir='ltr'><strong>cogitas,</strong></span> <span class='ocrx_word' id='word_1_46' title='bbox 1003 857 1060 911; x_wconf 74' lang='lat' dir='ltr'><strong>ego</strong></span> <span class='ocrx_word' id='word_1_47' title='bbox 1077 841 1123 895; x_wconf 92' lang='lat' dir='ltr'><strong>sic</strong></span> <span class='ocrx_word' id='word_1_48' title='bbox 1142 841 1266 910; x_wconf 76' lang='lat' dir='ltr'><strong>cogito:</strong></span> 
     </span>
     <span class='ocr_line' id='line_1_7' title="bbox 196 924 1267 1000; baseline -0.001 -15"><span class='ocrx_word' id='word_1_49' title='bbox 196 927 247 986; x_wconf 99' lang='lat' dir='ltr'><strong>M.</strong></span> <span class='ocrx_word' id='word_1_50' title='bbox 263 927 445 1000; x_wconf 78' lang='lat' dir='ltr'><strong>Georgium,</strong></span> <span class='ocrx_word' id='word_1_51' title='bbox 462 930 623 986; x_wconf 90' lang='lat' dir='ltr'><strong>diaconum</strong></span> <span class='ocrx_word' id='word_1_52' title='bbox 639 924 759 986; x_wconf 76' lang='lat' dir='ltr'><strong>nostrae</strong></span> <span class='ocrx_word' id='word_1_53' title='bbox 775 929 948 995; x_wconf 78' lang='lat' dir='ltr'>Ecclesiae,</span> <span class='ocrx_word' id='word_1_54' title='bbox 965 947 1025 984; x_wconf 89' lang='lat' dir='ltr'><strong>non</strong></span> <span class='ocrx_word' id='word_1_55' title='bbox 1038 930 1125 984; x_wconf 84' lang='lat' dir='ltr'><strong>facile</strong></span> <span class='ocrx_word' id='word_1_56' title='bbox 1142 928 1267 984; x_wconf 81' lang='lat' dir='ltr'><strong>moveri</strong></span> 
     </span>
     <span class='ocr_line' id='line_1_8' title="bbox 197 1018 1266 1092; baseline -0.001 -18"><span class='ocrx_word' id='word_1_57' title='bbox 197 1019 341 1092; x_wconf 86' lang='lat' dir='ltr'><strong>possead</strong></span> <span class='ocrx_word' id='word_1_58' title='bbox 357 1018 526 1075; x_wconf 75' lang='lat' dir='ltr'><strong>mutandam</strong></span> <span class='ocrx_word' id='word_1_59' title='bbox 545 1019 763 1078; x_wconf 82' lang='lat' dir='ltr'><strong>conditionem:</strong></span> <span class='ocrx_word' id='word_1_60' title='bbox 792 1019 839 1074; x_wconf 87' lang='lat' dir='ltr'><strong>M.</strong></span> <span class='ocrx_word' id='word_1_61' title='bbox 857 1020 1065 1074; x_wconf 86' lang='lat' dir='ltr'><strong>Hausmannua</strong></span> <span class='ocrx_word' id='word_1_62' title='bbox 1091 1019 1166 1091; x_wconf 89' lang='lat' dir='ltr'><strong>quid</strong></span> <span class='ocrx_word' id='word_1_63' title='bbox 1193 1035 1266 1074; x_wconf 87' lang='lat' dir='ltr'><strong>sen.</strong></span> 
     </span>
     <span class='ocr_line' id='line_1_9' title="bbox 196 1109 1265 1182; baseline 0.001 -19"><span class='ocrx_word' id='word_1_64' title='bbox 196 1110 262 1178; x_wconf 85' lang='lat' dir='ltr'><strong>tist,</strong></span> <span class='ocrx_word' id='word_1_65' title='bbox 279 1110 454 1182; x_wconf 75' lang='lat' dir='ltr'><strong>explorabo.</strong></span> <span class='ocrx_word' id='word_1_66' title='bbox 487 1109 546 1166; x_wconf 87' lang='lat' dir='ltr'><strong>Est</strong></span> <span class='ocrx_word' id='word_1_67' title='bbox 561 1121 592 1166; x_wconf 87' lang='lat' dir='ltr'><strong>et</strong></span> <span class='ocrx_word' id='word_1_68' title='bbox 608 1110 660 1165; x_wconf 88' lang='lat' dir='ltr'><strong>bic</strong></span> <span class='ocrx_word' id='word_1_69' title='bbox 677 1110 726 1165; x_wconf 90' lang='lat' dir='ltr'><strong>M.</strong></span> <span class='ocrx_word' id='word_1_70' title='bbox 739 1109 937 1165; x_wconf 81' lang='lat' dir='ltr'><strong>Leochardua</strong></span> <span class='ocrx_word' id='word_1_71' title='bbox 951 1110 1062 1165; x_wconf 86' lang='lat' dir='ltr'><strong>Betaer</strong></span> <span class='ocrx_word' id='word_1_72' title='bbox 1078 1127 1093 1162; x_wconf 89' lang='lat' dir='ltr'><strong>a</strong></span> <span class='ocrx_word' id='word_1_73' title='bbox 1106 1109 1226 1166; x_wconf 86' lang='lat' dir='ltr'><strong>Guben</strong></span> <span class='ocrx_word' id='word_1_74' title='bbox 1236 1113 1265 1175; x_wconf 80' lang='lat'><strong>¹)</strong></span> 
     </span>
     <span class='ocr_line' id='line_1_10' title="bbox 196 1198 1264 1269; baseline 0.002 -15"><span class='ocrx_word' id='word_1_75' title='bbox 196 1199 354 1269; x_wconf 90' lang='lat' dir='ltr'><strong>dimissus,</strong></span> <span class='ocrx_word' id='word_1_76' title='bbox 381 1201 442 1257; x_wconf 93' lang='lat' dir='ltr'><strong>imo</strong></span> <span class='ocrx_word' id='word_1_77' title='bbox 459 1200 627 1256; x_wconf 77' lang='lat' dir='ltr'><strong>discedens.</strong></span> <span class='ocrx_word' id='word_1_78' title='bbox 661 1201 748 1256; x_wconf 84' lang='lat' dir='ltr'><strong>Alter</strong></span> <span class='ocrx_word' id='word_1_79' title='bbox 772 1201 900 1256; x_wconf 87' lang='lat' dir='ltr'><strong>istorum</strong></span> <span class='ocrx_word' id='word_1_80' title='bbox 925 1198 999 1255; x_wconf 91' lang='lat' dir='ltr'><strong>mihi</strong></span> <span class='ocrx_word' id='word_1_81' title='bbox 1025 1200 1145 1255; x_wconf 87' lang='lat' dir='ltr'><strong>videtur</strong></span> <span class='ocrx_word' id='word_1_82' title='bbox 1168 1199 1264 1256; x_wconf 85' lang='lat' dir='ltr'><strong>vobis</strong></span> 
     </span>
    </p>
   </div>
   <div class='ocr_carea' id='block_1_4' title="bbox 25 1289 1264 1367">
    <p class='ocr_par' dir='ltr' id='par_1_4' title="bbox 25 1289 1264 1367">
     <span class='ocr_line' id='line_1_11' title="bbox 25 1289 1264 1367; baseline 0 -21"><span class='ocrx_word' id='word_1_83' title='bbox 25 1326 28 1367; x_wconf 49' lang='grc' dir='ltr'>ἰ</span> <span class='ocrx_word' id='word_1_84' title='bbox 91 1332 96 1353; x_wconf 71' lang='lat'><strong>,</strong></span> <span class='ocrx_word' id='word_1_85' title='bbox 195 1289 323 1346; x_wconf 89' lang='lat' dir='ltr'><strong>idoneus</strong></span> <span class='ocrx_word' id='word_1_86' title='bbox 341 1305 409 1345; x_wconf 83' lang='lat' dir='ltr'><strong>esse</strong></span> <span class='ocrx_word' id='word_1_87' title='bbox 425 1289 566 1346; x_wconf 86' lang='lat' dir='ltr'><strong>maxime.</strong></span> <span class='ocrx_word' id='word_1_88' title='bbox 602 1290 700 1345; x_wconf 87' lang='lat' dir='ltr'><strong>Credo</strong></span> <span class='ocrx_word' id='word_1_89' title='bbox 718 1291 823 1359; x_wconf 86' lang='lat' dir='ltr'><strong>etiam,</strong></span> <span class='ocrx_word' id='word_1_90' title='bbox 844 1300 874 1364; x_wconf 74' lang='lat' dir='ltr'><strong>tq</strong></span> <span class='ocrx_word' id='word_1_91' title='bbox 889 1289 1264 1346; x_wconf 87' lang='lat' dir='ltr'><strong>nosseM.Le0nsrdum.</strong></span> 
     </span>
    </p>
   </div>
   <div class='ocr_carea' id='block_1_5' title="bbox 195 1379 1264 1452">
    <p class='ocr_par' dir='ltr' id='par_1_5' title="bbox 195 1379 1264 1452">
     <span class='ocr_line' id='line_1_12' title="bbox 195 1379 1264 1452; baseline -0.001 -17"><span class='ocrx_word' id='word_1_92' title='bbox 195 1380 254 1435; x_wconf 78' lang='lat' dir='ltr'><strong>Sed</strong></span> <span class='ocrx_word' id='word_1_93' title='bbox 271 1379 339 1452; x_wconf 87' lang='lat' dir='ltr'><strong>quis</strong></span> <span class='ocrx_word' id='word_1_94' title='bbox 356 1381 491 1452; x_wconf 77' lang='lat' dir='ltr'><strong>Cygneae</strong></span> <span class='ocrx_word' id='word_1_95' title='bbox 509 1379 662 1452; x_wconf 83' lang='lat' dir='ltr'><strong>quaeritur</strong></span> <span class='ocrx_word' id='word_1_96' title='bbox 677 1379 882 1452; x_wconf 86' lang='lat' dir='ltr'><strong>praedicator,</strong></span> <span class='ocrx_word' id='word_1_97' title='bbox 910 1390 940 1435; x_wconf 89' lang='lat' dir='ltr'><strong>et</strong></span> <span class='ocrx_word' id='word_1_98' title='bbox 956 1379 1006 1435; x_wconf 92' lang='lat' dir='ltr'><strong>hic</strong></span> <span class='ocrx_word' id='word_1_99' title='bbox 1023 1380 1264 1450; x_wconf 83' lang='lat' dir='ltr'><strong>Witenbergae,</strong></span> 
     </span>
    </p>
   </div>
   <div class='ocr_carea' id='block_1_6' title="bbox 97 1469 1265 1540">
    <p class='ocr_par' dir='ltr' id='par_1_6' title="bbox 97 1469 1265 1540">
     <span class='ocr_line' id='line_1_13' title="bbox 97 1469 1265 1540; baseline 0.002 -15"><span class='ocrx_word' id='word_1_100' title='bbox 97 1486 102 1495; x_wconf 94' lang='lat'>·</span> <span class='ocrx_word' id='word_1_101' title='bbox 194 1470 219 1526; x_wconf 92' lang='lat' dir='ltr'><strong>si</strong></span> <span class='ocrx_word' id='word_1_102' title='bbox 235 1469 423 1525; x_wconf 87' lang='lat' dir='ltr'><strong>Pomeranus</strong></span> <span class='ocrx_word' id='word_1_103' title='bbox 440 1486 502 1524; x_wconf 87' lang='lat' dir='ltr'><strong>nou</strong></span> <span class='ocrx_word' id='word_1_104' title='bbox 519 1469 657 1538; x_wconf 89' lang='lat' dir='ltr'><strong>redierit,</strong></span> <span class='ocrx_word' id='word_1_105' title='bbox 682 1470 812 1525; x_wconf 78' lang='lat' dir='ltr'><strong>vicarius</strong></span> <span class='ocrx_word' id='word_1_106' title='bbox 835 1471 864 1524; x_wconf 94' lang='lat' dir='ltr'><strong>in</strong></span> <span class='ocrx_word' id='word_1_107' title='bbox 885 1471 986 1525; x_wconf 89' lang='lat' dir='ltr'><strong>locum</strong></span> <span class='ocrx_word' id='word_1_108' title='bbox 1004 1471 1069 1540; x_wconf 84' lang='lat' dir='ltr'><strong>ejus</strong></span> <span class='ocrx_word' id='word_1_109' title='bbox 1086 1471 1123 1524; x_wconf 87' lang='lat' dir='ltr'><strong>ad</strong></span> <span class='ocrx_word' id='word_1_110' title='bbox 1140 1482 1265 1540; x_wconf 86' lang='lat' dir='ltr'><strong>tempus</strong></span> 
     </span>
    </p>
   </div>
   <div class='ocr_carea' id='block_1_7' title="bbox 190 1559 1266 2446">
    <p class='ocr_par' dir='ltr' id='par_1_7' title="bbox 190 1559 1266 2446">
     <span class='ocr_line' id='line_1_14' title="bbox 193 1559 1266 1631; baseline 0 -15"><span class='ocrx_word' id='word_1_111' title='bbox 193 1559 407 1616; x_wconf 82' lang='lat' dir='ltr'><strong>substituetur:</strong></span> <span class='ocrx_word' id='word_1_112' title='bbox 433 1559 540 1615; x_wconf 86' lang='lat' dir='ltr'><strong>deinde</strong></span> <span class='ocrx_word' id='word_1_113' title='bbox 564 1559 773 1630; x_wconf 77' lang='lat' dir='ltr'><strong>Schneeberga</strong></span> <span class='ocrx_word' id='word_1_114' title='bbox 795 1570 922 1631; x_wconf 89' lang='lat' dir='ltr'><strong>exoptat</strong></span> <span class='ocrx_word' id='word_1_115' title='bbox 944 1559 989 1616; x_wconf 87' lang='lat' dir='ltr'><strong>M.</strong></span> <span class='ocrx_word' id='word_1_116' title='bbox 1013 1561 1266 1630; x_wconf 78' lang='lat' dir='ltr'><strong>ilausmsnnum,</strong></span> 
     </span>
     <span class='ocr_line' id='line_1_15' title="bbox 192 1650 1263 1722; baseline 0.002 -17"><span class='ocrx_word' id='word_1_117' title='bbox 192 1659 353 1722; x_wconf 88' lang='lat' dir='ltr'><strong>postquam</strong></span> <span class='ocrx_word' id='word_1_118' title='bbox 370 1650 534 1705; x_wconf 86' lang='lat' dir='ltr'><strong>concordia</strong></span> <span class='ocrx_word' id='word_1_119' title='bbox 550 1650 683 1706; x_wconf 85' lang='lat' dir='ltr'><strong>steterit:</strong></span> <span class='ocrx_word' id='word_1_120' title='bbox 709 1653 792 1717; x_wconf 81' lang='lat' dir='ltr'><strong>(nam</strong></span> <span class='ocrx_word' id='word_1_121' title='bbox 819 1665 1004 1705; x_wconf 87' lang='lat' dir='ltr'><strong>consensum</strong></span> <span class='ocrx_word' id='word_1_122' title='bbox 1030 1660 1093 1718; x_wconf 85' lang='lat' dir='ltr'><strong>est,</strong></span> <span class='ocrx_word' id='word_1_123' title='bbox 1121 1665 1263 1707; x_wconf 84' lang='lat' dir='ltr'><strong>nostram</strong></span> 
     </span>
     <span class='ocr_line' id='line_1_16' title="bbox 193 1739 1264 1809; baseline 0.003 -15"><span class='ocrx_word' id='word_1_124' title='bbox 193 1742 261 1795; x_wconf 80' lang='lat' dir='ltr'><strong>fore</strong></span> <span class='ocrx_word' id='word_1_125' title='bbox 279 1739 538 1809; x_wconf 79' lang='lat' dir='ltr'><strong>Schneebergsm,</strong></span> <span class='ocrx_word' id='word_1_126' title='bbox 555 1751 584 1794; x_wconf 92' lang='lat' dir='ltr'><strong>et</strong></span> <span class='ocrx_word' id='word_1_127' title='bbox 601 1756 708 1795; x_wconf 89' lang='lat' dir='ltr'><strong>omnes</strong></span> <span class='ocrx_word' id='word_1_128' title='bbox 725 1739 840 1794; x_wconf 79' lang='lat' dir='ltr'><strong>articuli</strong></span> <span class='ocrx_word' id='word_1_129' title='bbox 858 1741 1031 1795; x_wconf 89' lang='lat' dir='ltr'><strong>concordati</strong></span> <span class='ocrx_word' id='word_1_130' title='bbox 1049 1741 1128 1795; x_wconf 87' lang='lat' dir='ltr'><strong>inter</strong></span> <span class='ocrx_word' id='word_1_131' title='bbox 1141 1740 1264 1797; x_wconf 76' lang='lat' dir='ltr'><strong>Princi.</strong></span> 
     </span>
     <span class='ocr_line' id='line_1_17' title="bbox 190 1830 1264 1904; baseline 0.002 -18"><span class='ocrx_word' id='word_1_132' title='bbox 190 1847 247 1902; x_wconf 88' lang='lat' dir='ltr'><strong>pes</strong></span> <span class='ocrx_word' id='word_1_133' title='bbox 264 1841 383 1904; x_wconf 87' lang='lat' dir='ltr'><strong>praeter</strong></span> <span class='ocrx_word' id='word_1_134' title='bbox 398 1831 482 1886; x_wconf 90' lang='lat' dir='ltr'><strong>illum</strong></span> <span class='ocrx_word' id='word_1_135' title='bbox 499 1830 537 1885; x_wconf 92' lang='lat' dir='ltr'><strong>de</strong></span> <span class='ocrx_word' id='word_1_136' title='bbox 553 1831 647 1886; x_wconf 79' lang='lat' dir='ltr'><strong>feudis</strong></span> <span class='ocrx_word' id='word_1_137' title='bbox 664 1831 712 1897; x_wconf 89' lang='lat' dir='ltr'><strong>(ut</strong></span> <span class='ocrx_word' id='word_1_138' title='bbox 729 1833 852 1896; x_wconf 87' lang='lat' dir='ltr'><strong>vocant)</strong></span> <span class='ocrx_word' id='word_1_139' title='bbox 870 1832 991 1900; x_wconf 86' lang='lat' dir='ltr'><strong>mixtis,</strong></span> <span class='ocrx_word' id='word_1_140' title='bbox 1015 1832 1044 1886; x_wconf 89' lang='lat' dir='ltr'><strong>in</strong></span> <span class='ocrx_word' id='word_1_141' title='bbox 1063 1848 1123 1903; x_wconf 90' lang='lat' dir='ltr'><strong>quo</strong></span> <span class='ocrx_word' id='word_1_142' title='bbox 1141 1833 1264 1888; x_wconf 87' lang='lat' dir='ltr'><strong>labora.</strong></span> 
     </span>
     <span class='ocr_line' id='line_1_18' title="bbox 191 1919 1266 1996; baseline 0 -20"><span class='ocrx_word' id='word_1_143' title='bbox 191 1931 260 1989; x_wconf 88' lang='lat' dir='ltr'><strong>tur,</strong></span> <span class='ocrx_word' id='word_1_144' title='bbox 278 1938 339 1992; x_wconf 89' lang='lat' dir='ltr'><strong>qno</strong></span> <span class='ocrx_word' id='word_1_145' title='bbox 357 1920 497 1975; x_wconf 91' lang='lat' dir='ltr'><strong>absoluto</strong></span> <span class='ocrx_word' id='word_1_146' title='bbox 515 1920 613 1974; x_wconf 85' lang='lat' dir='ltr'><strong>omnia</strong></span> <span class='ocrx_word' id='word_1_147' title='bbox 631 1932 700 1975; x_wconf 88' lang='lat' dir='ltr'><strong>sunt</strong></span> <span class='ocrx_word' id='word_1_148' title='bbox 718 1921 818 1991; x_wconf 89' lang='lat' dir='ltr'><strong>plana,</strong></span> <span class='ocrx_word' id='word_1_149' title='bbox 841 1921 930 1975; x_wconf 86' lang='lat' dir='ltr'><strong>etiarn</strong></span> <span class='ocrx_word' id='word_1_150' title='bbox 947 1921 1035 1975; x_wconf 87' lang='lat' dir='ltr'><strong>Duce</strong></span> <span class='ocrx_word' id='word_1_151' title='bbox 1053 1919 1192 1992; x_wconf 82' lang='lat' dir='ltr'><strong>Georgio</strong></span> <span class='ocrx_word' id='word_1_152' title='bbox 1210 1939 1266 1996; x_wconf 84' lang='lat' dir='ltr'><strong>sp.</strong></span> 
     </span>
     <span class='ocr_line' id='line_1_19' title="bbox 191 2009 1265 2084; baseline 0.004 -19"><span class='ocrx_word' id='word_1_153' title='bbox 191 2011 354 2084; x_wconf 86' lang='lat' dir='ltr'><strong>probante:</strong></span> <span class='ocrx_word' id='word_1_154' title='bbox 377 2011 453 2064; x_wconf 89' lang='lat' dir='ltr'><strong>lmec</strong></span> <span class='ocrx_word' id='word_1_155' title='bbox 469 2025 511 2065; x_wconf 92' lang='lat' dir='ltr'><strong>ex</strong></span> <span class='ocrx_word' id='word_1_156' title='bbox 527 2010 594 2081; x_wconf 90' lang='lat' dir='ltr'><strong>ipso</strong></span> <span class='ocrx_word' id='word_1_157' title='bbox 611 2027 665 2065; x_wconf 91' lang='lat' dir='ltr'><strong>ore</strong></span> <span class='ocrx_word' id='word_1_158' title='bbox 680 2009 853 2082; x_wconf 86' lang='lat' dir='ltr'><strong>Principis,</strong></span> <span class='ocrx_word' id='word_1_159' title='bbox 875 2011 918 2068; x_wconf 88' lang='lat' dir='ltr'><strong>D.</strong></span> <span class='ocrx_word' id='word_1_160' title='bbox 935 2010 1038 2067; x_wconf 81' lang='lat' dir='ltr'><strong>Bruck</strong></span> <span class='ocrx_word' id='word_1_161' title='bbox 1055 2023 1085 2066; x_wconf 90' lang='lat' dir='ltr'><strong>et</strong></span> <span class='ocrx_word' id='word_1_162' title='bbox 1100 2012 1265 2070; x_wconf 88' lang='lat' dir='ltr'><strong>Rieteselii</strong></span> 
     </span>
     <span class='ocr_line' id='line_1_20' title="bbox 190 2101 1265 2174; baseline 0.006 -16"><span class='ocrx_word' id='word_1_163' title='bbox 190 2102 240 2159; x_wconf 83' lang='lat' dir='ltr'><strong>his</strong></span> <span class='ocrx_word' id='word_1_164' title='bbox 258 2102 377 2157; x_wconf 88' lang='lat' dir='ltr'><strong>auribus</strong></span> <span class='ocrx_word' id='word_1_165' title='bbox 395 2101 515 2173; x_wconf 80' lang='lat' dir='ltr'><strong>percepi</strong></span> <span class='ocrx_word' id='word_1_166' title='bbox 533 2101 689 2171; x_wconf 77' lang='lat' dir='ltr'><strong>diligenter</strong></span> <span class='ocrx_word' id='word_1_167' title='bbox 703 2104 882 2168; x_wconf 81' lang='lat' dir='ltr'><strong>scrutatus):</strong></span> <span class='ocrx_word' id='word_1_168' title='bbox 900 2119 992 2174; x_wconf 86' lang='lat' dir='ltr'><strong>quare</strong></span> <span class='ocrx_word' id='word_1_169' title='bbox 1004 2112 1034 2158; x_wconf 94' lang='lat' dir='ltr'><strong>te</strong></span> <span class='ocrx_word' id='word_1_170' title='bbox 1047 2120 1121 2173; x_wconf 92' lang='lat' dir='ltr'><strong>oro,</strong></span> <span class='ocrx_word' id='word_1_171' title='bbox 1138 2104 1265 2164; x_wconf 78' lang='lat' dir='ltr'><strong>differes</strong></span> 
     </span>
     <span class='ocr_line' id='line_1_21' title="bbox 190 2190 1265 2268; baseline 0.005 -21"><span class='ocrx_word' id='word_1_172' title='bbox 190 2193 349 2268; x_wconf 87' lang='lat' dir='ltr'><strong>paulatim,</strong></span> <span class='ocrx_word' id='word_1_173' title='bbox 367 2202 508 2264; x_wconf 83' lang='lat' dir='ltr'><strong>qnantum</strong></span> <span class='ocrx_word' id='word_1_174' title='bbox 525 2190 612 2259; x_wconf 91' lang='lat' dir='ltr'><strong>licet,</strong></span> <span class='ocrx_word' id='word_1_175' title='bbox 630 2191 656 2259; x_wconf 79' lang='lat' dir='ltr'><strong>si</strong></span> <span class='ocrx_word' id='word_1_176' title='bbox 674 2191 721 2244; x_wconf 88' lang='lat' dir='ltr'><strong>vel</strong></span> <span class='ocrx_word' id='word_1_177' title='bbox 739 2191 979 2259; x_wconf 88' lang='lat' dir='ltr'><strong>Hausmannum‚</strong></span> <span class='ocrx_word' id='word_1_178' title='bbox 997 2194 1044 2247; x_wconf 89' lang='lat' dir='ltr'><strong>vel</strong></span> <span class='ocrx_word' id='word_1_179' title='bbox 1062 2190 1265 2252; x_wconf 85' lang='lat' dir='ltr'><strong>Leontrrdum</strong></span> 
     </span>
     <span class='ocr_line' id='line_1_22' title="bbox 190 2279 1262 2343; baseline 0.003 -3"><span class='ocrx_word' id='word_1_180' title='bbox 190 2284 291 2340; x_wconf 86' lang='lat' dir='ltr'><strong>isthuc</strong></span> <span class='ocrx_word' id='word_1_181' title='bbox 309 2282 445 2337; x_wconf 76' lang='lat' dir='ltr'><strong>ordinare</strong></span> <span class='ocrx_word' id='word_1_182' title='bbox 462 2280 534 2335; x_wconf 85' lang='lat' dir='ltr'><strong>velit</strong></span> <span class='ocrx_word' id='word_1_183' title='bbox 549 2280 647 2336; x_wconf 89' lang='lat' dir='ltr'><strong>Deua.</strong></span> <span class='ocrx_word' id='word_1_184' title='bbox 680 2279 794 2335; x_wconf 84' lang='lat' dir='ltr'><strong>Verum</strong></span> <span class='ocrx_word' id='word_1_185' title='bbox 810 2281 903 2338; x_wconf 83' lang='lat' dir='ltr'><strong>heus!</strong></span> <span class='ocrx_word' id='word_1_186' title='bbox 927 2283 1015 2338; x_wconf 88' lang='lat' dir='ltr'><strong>sicne</strong></span> <span class='ocrx_word' id='word_1_187' title='bbox 1031 2284 1121 2339; x_wconf 81' lang='lat' dir='ltr'><strong>etism</strong></span> <span class='ocrx_word' id='word_1_188' title='bbox 1137 2286 1262 2343; x_wconf 81' lang='lat' dir='ltr'><strong>mendi.</strong></span> 
     </span>
     <span class='ocr_line' id='line_1_23' title="bbox 190 2368 1169 2446; baseline 0.002 -18"><span class='ocrx_word' id='word_1_189' title='bbox 190 2392 260 2429; x_wconf 90' lang='lat' dir='ltr'><strong>care</strong></span> <span class='ocrx_word' id='word_1_190' title='bbox 278 2375 421 2446; x_wconf 86' lang='lat' dir='ltr'><strong>oportet?</strong></span> <span class='ocrx_word' id='word_1_191' title='bbox 456 2369 592 2440; x_wconf 80' lang='lat' dir='ltr'><strong>significa</strong></span> <span class='ocrx_word' id='word_1_192' title='bbox 609 2368 714 2438; x_wconf 90' lang='lat' dir='ltr'><strong>nobis,</strong></span> <span class='ocrx_word' id='word_1_193' title='bbox 731 2371 809 2425; x_wconf 86' lang='lat' dir='ltr'><strong>unde</strong></span> <span class='ocrx_word' id='word_1_194' title='bbox 827 2373 938 2428; x_wconf 85' lang='lat' dir='ltr'><strong>vixerit</strong></span> <span class='ocrx_word' id='word_1_195' title='bbox 955 2373 1004 2429; x_wconf 91' lang='lat' dir='ltr'><strong>M.</strong></span> <span class='ocrx_word' id='word_1_196' title='bbox 1022 2373 1169 2435; x_wconf 86' lang='lat' dir='ltr'><strong>Mirisch.</strong></span> 
     </span>
    </p>
   </div>
   <div class='ocr_carea' id='block_1_8' title="bbox 192 2485 1266 2996">
    <p class='ocr_par' dir='ltr' id='par_1_8' title="bbox 192 2485 1266 2996">
     <span class='ocr_line' id='line_1_24' title="bbox 258 2485 1262 2561; baseline 0.002 -16"><span class='ocrx_word' id='word_1_197' title='bbox 258 2489 406 2560; x_wconf 84' lang='lat' dir='ltr'><strong>Princeps</strong></span> <span class='ocrx_word' id='word_1_198' title='bbox 431 2498 552 2556; x_wconf 88' lang='lat' dir='ltr'><strong>noster,</strong></span> <span class='ocrx_word' id='word_1_199' title='bbox 579 2486 639 2541; x_wconf 91' lang='lat' dir='ltr'><strong>Dei</strong></span> <span class='ocrx_word' id='word_1_200' title='bbox 656 2485 766 2556; x_wconf 77' lang='lat' dir='ltr'><strong>gratia,</strong></span> <span class='ocrx_word' id='word_1_201' title='bbox 793 2487 1013 2543; x_wconf 87' lang='lat' dir='ltr'><strong>reconvalescit</strong></span> <span class='ocrx_word' id='word_1_202' title='bbox 1030 2488 1166 2561; x_wconf 87' lang='lat' dir='ltr'><strong>pulchre.</strong></span> <span class='ocrx_word' id='word_1_203' title='bbox 1202 2489 1262 2548; x_wconf 90' lang='lat' dir='ltr'><strong>Bis</strong></span> 
     </span>
     <span class='ocr_line' id='line_1_25' title="bbox 193 2576 1265 2649; baseline 0 -15"><span class='ocrx_word' id='word_1_204' title='bbox 193 2596 263 2634; x_wconf 89' lang='lat' dir='ltr'><strong>eum</strong></span> <span class='ocrx_word' id='word_1_205' title='bbox 280 2580 412 2643; x_wconf 85' lang='lat' dir='ltr'><strong>visitavi,</strong></span> <span class='ocrx_word' id='word_1_206' title='bbox 432 2588 462 2633; x_wconf 91' lang='lat' dir='ltr'><strong>et</strong></span> <span class='ocrx_word' id='word_1_207' title='bbox 479 2593 582 2632; x_wconf 91' lang='lat' dir='ltr'><strong>coram</strong></span> <span class='ocrx_word' id='word_1_208' title='bbox 598 2577 680 2631; x_wconf 88' lang='lat' dir='ltr'><strong>lecto</strong></span> <span class='ocrx_word' id='word_1_209' title='bbox 698 2576 763 2647; x_wconf 85' lang='lat' dir='ltr'><strong>ejus</strong></span> <span class='ocrx_word' id='word_1_210' title='bbox 780 2592 939 2647; x_wconf 77' lang='lat' dir='ltr'><strong>praesens,</strong></span> <span class='ocrx_word' id='word_1_211' title='bbox 960 2595 1035 2649; x_wconf 93' lang='lat' dir='ltr'><strong>quae</strong></span> <span class='ocrx_word' id='word_1_212' title='bbox 1054 2579 1128 2634; x_wconf 85' lang='lat' dir='ltr'><strong>dixit</strong></span> <span class='ocrx_word' id='word_1_213' title='bbox 1144 2579 1265 2636; x_wconf 88' lang='lat' dir='ltr'><strong>Domi.</strong></span> 
     </span>
     <span class='ocr_line' id='line_1_26' title="bbox 192 2667 1264 2742; baseline 0.002 -16"><span class='ocrx_word' id='word_1_214' title='bbox 192 2688 266 2738; x_wconf 86' lang='lat' dir='ltr'><strong>nus,</strong></span> <span class='ocrx_word' id='word_1_215' title='bbox 293 2669 420 2742; x_wconf 88' lang='lat' dir='ltr'><strong>exposui</strong></span> <span class='ocrx_word' id='word_1_216' title='bbox 437 2678 467 2723; x_wconf 88' lang='lat' dir='ltr'><strong>et</strong></span> <span class='ocrx_word' id='word_1_217' title='bbox 484 2667 584 2722; x_wconf 86' lang='lat' dir='ltr'><strong>mixtis</strong></span> <span class='ocrx_word' id='word_1_218' title='bbox 603 2667 793 2722; x_wconf 84' lang='lat' dir='ltr'><strong>sermonibus</strong></span> <span class='ocrx_word' id='word_1_219' title='bbox 811 2677 840 2722; x_wconf 89' lang='lat' dir='ltr'><strong>et</strong></span> <span class='ocrx_word' id='word_1_220' title='bbox 858 2667 964 2722; x_wconf 85' lang='lat' dir='ltr'><strong>fabulis</strong></span> <span class='ocrx_word' id='word_1_221' title='bbox 986 2671 1158 2724; x_wconf 83' lang='lat' dir='ltr'><strong>consolatus</strong></span> <span class='ocrx_word' id='word_1_222' title='bbox 1179 2687 1264 2728; x_wconf 90' lang='lat' dir='ltr'><strong>sum.</strong></span> 
     </span>
     <span class='ocr_line' id='line_1_27' title="bbox 192 2757 1264 2831; baseline 0.002 -14"><span class='ocrx_word' id='word_1_223' title='bbox 192 2761 260 2817; x_wconf 87' lang='lat' dir='ltr'><strong>Fuit</strong></span> <span class='ocrx_word' id='word_1_224' title='bbox 277 2772 395 2829; x_wconf 88' lang='lat' dir='ltr'><strong>metus,</strong></span> <span class='ocrx_word' id='word_1_225' title='bbox 420 2775 458 2813; x_wconf 88' lang='lat' dir='ltr'><strong>ne</strong></span> <span class='ocrx_word' id='word_1_226' title='bbox 475 2757 600 2813; x_wconf 90' lang='lat' dir='ltr'><strong>morbus</strong></span> <span class='ocrx_word' id='word_1_227' title='bbox 618 2757 684 2826; x_wconf 83' lang='lat' dir='ltr'><strong>ejus</strong></span> <span class='ocrx_word' id='word_1_228' title='bbox 702 2757 785 2811; x_wconf 89' lang='lat' dir='ltr'><strong>lieret</strong></span> <span class='ocrx_word' id='word_1_229' title='bbox 801 2774 887 2813; x_wconf 85' lang='lat' dir='ltr'><strong>sacer</strong></span> <span class='ocrx_word' id='word_1_230' title='bbox 904 2758 976 2824; x_wconf 70' lang='lat' dir='ltr'><strong>ignis</strong></span> <span class='ocrx_word' id='word_1_231' title='bbox 994 2761 1023 2813; x_wconf 87' lang='lat' dir='ltr'><strong>in</strong></span> <span class='ocrx_word' id='word_1_232' title='bbox 1044 2761 1152 2830; x_wconf 88' lang='lat' dir='ltr'><strong>pollice</strong></span> <span class='ocrx_word' id='word_1_233' title='bbox 1173 2763 1264 2831; x_wconf 88' lang='lat' dir='ltr'><strong>pedis</strong></span> 
     </span>
     <span class='ocr_line' id='line_1_28' title="bbox 193 2848 1266 2919; baseline 0.004 -15"><span class='ocrx_word' id='word_1_234' title='bbox 193 2851 306 2907; x_wconf 86' lang='lat' dir='ltr'><strong>dextri:</strong></span> <span class='ocrx_word' id='word_1_235' title='bbox 325 2850 378 2904; x_wconf 87' lang='lat' dir='ltr'><strong>sed</strong></span> <span class='ocrx_word' id='word_1_236' title='bbox 394 2862 556 2903; x_wconf 89' lang='lat' dir='ltr'><strong>occursum</strong></span> <span class='ocrx_word' id='word_1_237' title='bbox 568 2856 598 2900; x_wconf 93' lang='lat' dir='ltr'><strong>et</strong></span> <span class='ocrx_word' id='word_1_238' title='bbox 610 2857 800 2918; x_wconf 87' lang='lat' dir='ltr'><strong>praeventum</strong></span> <span class='ocrx_word' id='word_1_239' title='bbox 815 2862 878 2914; x_wconf 84' lang='lat' dir='ltr'><strong>est,</strong></span> <span class='ocrx_word' id='word_1_240' title='bbox 895 2848 956 2903; x_wconf 88' lang='lat' dir='ltr'><strong>Dei</strong></span> <span class='ocrx_word' id='word_1_241' title='bbox 972 2850 1076 2919; x_wconf 76' lang='lat' dir='ltr'><strong>gratia,</strong></span> <span class='ocrx_word' id='word_1_242' title='bbox 1093 2862 1124 2904; x_wconf 91' lang='lat' dir='ltr'><strong>et</strong></span> <span class='ocrx_word' id='word_1_243' title='bbox 1134 2863 1266 2909; x_wconf 82' lang='lat' dir='ltr'><strong>senatur</strong></span> 
     </span>
     <span class='ocr_line' id='line_1_29' title="bbox 194 2941 344 2996; baseline -0.027 0"><span class='ocrx_word' id='word_1_244' title='bbox 194 2941 344 2996; x_wconf 89' lang='lat' dir='ltr'><strong>continue.</strong></span> 
     </span>
    </p>
   </div>
   <div class='ocr_carea' id='block_1_9' title="bbox 190 3051 1266 3744">
    <p class='ocr_par' dir='ltr' id='par_1_9' title="bbox 190 3051 1266 3663">
     <span class='ocr_line' id='line_1_30' title="bbox 261 3051 1264 3121; baseline 0.005 -12"><span class='ocrx_word' id='word_1_245' title='bbox 261 3055 369 3110; x_wconf 80' lang='lat' dir='ltr'><strong>Casum</strong></span> <span class='ocrx_word' id='word_1_246' title='bbox 386 3060 469 3107; x_wconf 89' lang='lat' dir='ltr'><strong>tuum</strong></span> <span class='ocrx_word' id='word_1_247' title='bbox 485 3051 615 3121; x_wconf 84' lang='lat' dir='ltr'><strong>conjugii</strong></span> <span class='ocrx_word' id='word_1_248' title='bbox 634 3051 726 3105; x_wconf 89' lang='lat' dir='ltr'><strong>credo</strong></span> <span class='ocrx_word' id='word_1_249' title='bbox 744 3060 772 3104; x_wconf 89' lang='lat' dir='ltr'><strong>te</strong></span> <span class='ocrx_word' id='word_1_250' title='bbox 791 3051 956 3106; x_wconf 87' lang='lat' dir='ltr'><strong>absolvisse</strong></span> <span class='ocrx_word' id='word_1_251' title='bbox 971 3053 1007 3105; x_wconf 90' lang='lat' dir='ltr'><strong>dc</strong></span> <span class='ocrx_word' id='word_1_252' title='bbox 1020 3053 1145 3107; x_wconf 88' lang='lat' dir='ltr'><strong>muliere</strong></span> <span class='ocrx_word' id='word_1_253' title='bbox 1162 3066 1264 3114; x_wconf 87' lang='lat' dir='ltr'><strong>arcta.</strong></span> 
     </span>
     <span class='ocr_line' id='line_1_31' title="bbox 194 3134 1265 3215; baseline 0.003 -14"><span class='ocrx_word' id='word_1_254' title='bbox 194 3144 274 3202; x_wconf 86' lang='lat' dir='ltr'><strong>Nam</strong></span> <span class='ocrx_word' id='word_1_255' title='bbox 292 3158 428 3215; x_wconf 88' lang='lat' dir='ltr'><strong>separare</strong></span> <span class='ocrx_word' id='word_1_256' title='bbox 446 3140 561 3195; x_wconf 87' lang='lat' dir='ltr'><strong>difficile</strong></span> <span class='ocrx_word' id='word_1_257' title='bbox 579 3151 639 3206; x_wconf 87' lang='lat' dir='ltr'><strong>est,</strong></span> <span class='ocrx_word' id='word_1_258' title='bbox 658 3141 728 3194; x_wconf 87' lang='lat' dir='ltr'><strong>dum</strong></span> <span class='ocrx_word' id='word_1_259' title='bbox 741 3134 797 3195; x_wconf 81' lang='lat' dir='ltr'><strong>una</strong></span> <span class='ocrx_word' id='word_1_260' title='bbox 810 3141 1005 3195; x_wconf 88' lang='lat' dir='ltr'><strong>obstetricum</strong></span> <span class='ocrx_word' id='word_1_261' title='bbox 1018 3154 1161 3213; x_wconf 86' lang='lat' dir='ltr'><strong>testatur,</strong></span> <span class='ocrx_word' id='word_1_262' title='bbox 1180 3147 1265 3204; x_wconf 91' lang='lat' dir='ltr'><strong>nihil</strong></span> 
     </span>
     <span class='ocr_line' id='line_1_32' title="bbox 195 3229 1265 3304; baseline 0.004 -14"><span class='ocrx_word' id='word_1_263' title='bbox 195 3239 222 3290; x_wconf 89' lang='lat' dir='ltr'><strong>ei</strong></span> <span class='ocrx_word' id='word_1_264' title='bbox 239 3235 383 3298; x_wconf 85' lang='lat' dir='ltr'><strong>deficere,</strong></span> <span class='ocrx_word' id='word_1_265' title='bbox 405 3231 512 3286; x_wconf 86' lang='lat' dir='ltr'><strong>nisius</strong></span> <span class='ocrx_word' id='word_1_266' title='bbox 530 3229 681 3299; x_wconf 84' lang='lat' dir='ltr'><strong>geniturae</strong></span> <span class='ocrx_word' id='word_1_267' title='bbox 699 3231 786 3300; x_wconf 91' lang='lat' dir='ltr'><strong>paulo</strong></span> <span class='ocrx_word' id='word_1_268' title='bbox 805 3229 941 3298; x_wconf 85' lang='lat' dir='ltr'><strong>inferius,</strong></span> <span class='ocrx_word' id='word_1_269' title='bbox 964 3232 989 3285; x_wconf 90' lang='lat' dir='ltr'><strong>si</strong></span> <span class='ocrx_word' id='word_1_270' title='bbox 1008 3232 1116 3304; x_wconf 81' lang='lat' dir='ltr'><strong>alioqui</strong></span> <span class='ocrx_word' id='word_1_271' title='bbox 1135 3247 1265 3294; x_wconf 84' lang='lat' dir='ltr'><strong>caetera</strong></span> 
     </span>
     <span class='ocr_line' id='line_1_33' title="bbox 196 3320 1266 3397; baseline -0.001 -15"><span class='ocrx_word' id='word_1_272' title='bbox 196 3327 256 3382; x_wconf 85' lang='lat' dir='ltr'><strong>sint</strong></span> <span class='ocrx_word' id='word_1_273' title='bbox 273 3325 361 3397; x_wconf 84' lang='lat' dir='ltr'><strong>paria.</strong></span> <span class='ocrx_word' id='word_1_274' title='bbox 395 3322 484 3377; x_wconf 87' lang='lat' dir='ltr'><strong>Forte</strong></span> <span class='ocrx_word' id='word_1_275' title='bbox 507 3320 595 3374; x_wconf 87' lang='lat' dir='ltr'><strong>ambo</strong></span> <span class='ocrx_word' id='word_1_276' title='bbox 621 3320 754 3387; x_wconf 79' lang='lat' dir='ltr'><strong>ignorant</strong></span> <span class='ocrx_word' id='word_1_277' title='bbox 777 3321 899 3374; x_wconf 86' lang='lat' dir='ltr'><strong>modum</strong></span> <span class='ocrx_word' id='word_1_278' title='bbox 918 3323 1058 3379; x_wconf 74' lang='lat' dir='ltr'><strong>coeundi.</strong></span> <span class='ocrx_word' id='word_1_279' title='bbox 1090 3324 1266 3386; x_wconf 86' lang='lat' dir='ltr'><strong>Consulant</strong></span> 
     </span>
     <span class='ocr_line' id='line_1_34' title="bbox 195 3409 1266 3491; baseline 0.001 -20"><span class='ocrx_word' id='word_1_280' title='bbox 195 3418 293 3487; x_wconf 87' lang='lat' dir='ltr'><strong>itaque</strong></span> <span class='ocrx_word' id='word_1_281' title='bbox 310 3414 418 3485; x_wconf 88' lang='lat' dir='ltr'><strong>peritas</strong></span> <span class='ocrx_word' id='word_1_282' title='bbox 436 3411 579 3467; x_wconf 85' lang='lat' dir='ltr'><strong>foeminas</strong></span> <span class='ocrx_word' id='word_1_283' title='bbox 598 3410 662 3479; x_wconf 86' lang='lat' dir='ltr'><strong>ejus</strong></span> <span class='ocrx_word' id='word_1_284' title='bbox 681 3410 733 3464; x_wconf 88' lang='lat' dir='ltr'><strong>rei.</strong></span> <span class='ocrx_word' id='word_1_285' title='bbox 769 3409 860 3483; x_wconf 83' lang='lat' dir='ltr'><strong>Quod</strong></span> <span class='ocrx_word' id='word_1_286' title='bbox 883 3413 908 3466; x_wconf 86' lang='lat' dir='ltr'><strong>si</strong></span> <span class='ocrx_word' id='word_1_287' title='bbox 932 3413 1053 3467; x_wconf 83' lang='lat' dir='ltr'><strong>omnino</strong></span> <span class='ocrx_word' id='word_1_288' title='bbox 1070 3426 1150 3468; x_wconf 84' lang='lat' dir='ltr'><strong>arcta</strong></span> <span class='ocrx_word' id='word_1_289' title='bbox 1168 3435 1266 3491; x_wconf 88' lang='lat' dir='ltr'><strong>repe.</strong></span> 
     </span>
     <span class='ocr_line' id='line_1_35' title="bbox 195 3499 1266 3574; baseline -0.003 -13"><span class='ocrx_word' id='word_1_290' title='bbox 195 3508 320 3572; x_wconf 87' lang='lat' dir='ltr'><strong>riretur,</strong></span> <span class='ocrx_word' id='word_1_291' title='bbox 346 3503 429 3574; x_wconf 85' lang='lat' dir='ltr'><strong>plana</strong></span> <span class='ocrx_word' id='word_1_292' title='bbox 453 3510 534 3556; x_wconf 86' lang='lat' dir='ltr'><strong>esset</strong></span> <span class='ocrx_word' id='word_1_293' title='bbox 556 3499 713 3563; x_wconf 85' lang='lat' dir='ltr'><strong>sententia.</strong></span> <span class='ocrx_word' id='word_1_294' title='bbox 747 3499 817 3554; x_wconf 80' lang='lat' dir='ltr'><strong>Vale</strong></span> <span class='ocrx_word' id='word_1_295' title='bbox 840 3500 870 3556; x_wconf 89' lang='lat' dir='ltr'><strong>in</strong></span> <span class='ocrx_word' id='word_1_296' title='bbox 888 3499 1017 3556; x_wconf 82' lang='lat' dir='ltr'><strong>Christo.</strong></span> <span class='ocrx_word' id='word_1_297' title='bbox 1050 3502 1136 3557; x_wconf 88' lang='lat' dir='ltr'><strong>Feria</strong></span> <span class='ocrx_word' id='word_1_298' title='bbox 1152 3509 1181 3561; x_wconf 80' lang='grc'><strong>3.</strong></span> <span class='ocrx_word' id='word_1_299' title='bbox 1200 3509 1266 3565; x_wconf 76' lang='lat' dir='ltr'><strong>Pa.</strong></span> 
     </span>
     <span class='ocr_line' id='line_1_36' title="bbox 190 3591 525 3663; baseline -0.021 -11"><span class='ocrx_word' id='word_1_300' title='bbox 190 3595 300 3663; x_wconf 85' lang='lat' dir='ltr'><strong>schae,</strong></span> <span class='ocrx_word' id='word_1_301' title='bbox 328 3591 525 3649; x_wconf 76' lang='lat' dir='ltr'><strong>Mnxxxn.</strong></span> 
     </span>
    </p>

    <p class='ocr_par' dir='ltr' id='par_1_10' title="bbox 885 3678 1226 3744">
     <span class='ocr_line' id='line_1_37' title="bbox 885 3678 1226 3744; baseline 0.029 -10"><span class='ocrx_word' id='word_1_302' title='bbox 885 3678 1035 3737; x_wconf 85' lang='lat' dir='ltr'><strong>Martinus</strong></span> <span class='ocrx_word' id='word_1_303' title='bbox 1053 3681 1226 3744; x_wconf 87' lang='lat' dir='ltr'><strong>Lutherus.</strong></span> 
     </span>
    </p>
   </div>
   <div class='ocr_carea' id='block_1_10' title="bbox 244 4004 528 4065">
    <p class='ocr_par' dir='ltr' id='par_1_11' title="bbox 244 4004 528 4065">
     <span class='ocr_line' id='line_1_38' title="bbox 244 4004 528 4065; baseline -0.018 -7"><span class='ocrx_word' id='word_1_304' title='bbox 244 4010 265 4065; x_wconf 84' lang='lat' dir='ltr'><strong>l)</strong></span> <span class='ocrx_word' id='word_1_305' title='bbox 283 4006 379 4055; x_wconf 73' lang='lat' dir='ltr'><strong>Antii.</strong></span> <span class='ocrx_word' id='word_1_306' title='bbox 396 4004 486 4054; x_wconf 79' lang='lat' dir='ltr'><strong>Gabtn.</strong></span> <span class='ocrx_word' id='word_1_307' title='bbox 526 4015 528 4022; x_wconf 90' lang='lat'>·</span> 
     </span>
    </p>
   </div>
   <div class='ocr_carea' id='block_1_11' title="bbox 0 0 1302 4696">
    <p class='ocr_par' dir='ltr' id='par_1_12' title="bbox 0 0 1302 4696">
     <span class='ocr_line' id='line_1_39' title="bbox 0 0 1302 4696; baseline 0 0"><span class='ocrx_word' id='word_1_308' title='bbox 0 0 1302 4696; x_wconf 95' lang='lat' dir='ltr'><strong> </strong></span> 
     </span>
    </p>
   </div>
  </div>
 </body>
</html>
