2586 4696
186 323 228 395 46
661 328 757 397 15³0.

185 486 303 544 silentio
320 452 391 546 setis
408 488 485 545 bene
500 447 737 556 macerararitia,
752 490 777 558 1)
802 478 873 546 licet
890 504 947 560 ago
962 468 1012 547 bia
1027 485 1078 544 Μ.
1094 484 1237 560 Philipps

90 608 96 623 x
184 577 373 650 scripserim,
391 596 429 634 ne
446 579 491 635 sic
507 579 643 635 sileretis.
675 579 715 635 Et
732 589 814 635 certe
831 580 886 635 nisi
897 592 1068 652 temporum
1078 577 1155 632 ratio
1164 576 1237 635 mihi

184 668 369 737 obstitisset,
394 686 449 739 ego
476 670 635 725 vindictam
658 673 888 739 excogitassem.
922 669 979 724 Sed
996 668 1101 724 orandi
1119 682 1237 740 tempus

182 775 246 815 aton
263 758 402 814 sinebat
395 759 498 827 trasei,
516 770 546 814 et
563 759 603 813 ira
620 776 681 813 non
697 759 809 814 sinebat
823 775 919 814 orare.
952 759 1165 813 Studuitatnen
1175 757 1240 813 ubit.

179 824 245 920 ique
261 863 317 903 ros
335 847 459 904 infames
482 848 606 904 reddere
624 848 664 904 nb
681 847 829 904 silentium
852 848 949 916 istud,
971 847 1101 903 maxime
1121 847 1240 903 Witen.

182 933 304 1008 bergas.
337 938 404 993 Nec
422 938 565 1009 estquod
582 937 700 992 nuntios
718 953 860 994 accuses:
884 936 1011 993 fideliter
1035 936 1240 1004 reddiderunt,

183 1026 361 1100 praesertim
378 1038 444 1082 tuus
463 1025 674 1082 conductivus.
689 1026 719 1093 ²)
753 1026 832 1082 Nam
849 1025 885 1080 ab
897 1043 934 1081 eo
945 1037 1097 1097 tempore,
1114 1042 1177 1097 quo
1190 1025 1240 1080 ille

182 1126 252 1173 tuas
270 1115 412 1184 reddidit,
436 1115 528 1183 nihil,
553 1115 608 1171 nisi
626 1115 680 1170 has
698 1114 868 1186 proximas,
892 1115 929 1169 de
947 1116 1091 1181 adventu,
1108 1114 1181 1168 item
1197 1114 1241 1169 ia.

183 1197 461 1277 gressuCaesaris,
485 1204 595 1259 etheri
613 1204 649 1258 de
667 1202 796 1277 querelis
813 1204 920 1260 restris
939 1203 1053 1277 accepi.
1086 1203 1145 1259 Sed
1161 1203 1240 1259 haec

83 1304 86 1313 ’
182 1312 240 1355 suo
257 1305 392 1367 tempore
410 1296 548 1351 ulciscar.

249 1382 280 1452 ³)
297 1382 369 1455 Ego
380 1384 536 1454 magniiice
553 1394 582 1440 et
597 1383 721 1439 mirifice
738 1383 841 1440 exulto
858 1384 895 1440 de
913 1384 993 1440 dono
1019 1384 1070 1440 illo
1094 1384 1241 1457 amplissi-

181 1490 236 1533 mo
252 1477 330 1544 Del,
353 1477 434 1547 quod
451 1474 597 1546 Princeps
615 1485 717 1530 noster
733 1486 792 1530 tam
810 1475 957 1531 constanti
974 1484 1003 1531 et
1020 1474 1124 1547 quieto
1140 1474 1240 1531 animo

184 1576 242 1622 est.
276 1565 418 1621 Arbitror
434 1565 513 1620 enim
530 1581 637 1637 preces
655 1576 791 1633 nostras,
809 1583 864 1637 pro
881 1566 940 1621 isto
956 1573 1080 1636 pectore
1097 1557 1128 1633 ⁴)
1147 1566 1238 1634 fusas,

182 1657 302 1730 placere
319 1648 349 1721 ⁵)
374 1655 403 1710 in
420 1655 470 1709 illo
489 1671 580 1723 regno
597 1654 707 1724 gloriae
725 1670 827 1708 coram
844 1654 935 1720 Deo,
960 1653 1078 1710 etmihi
1098 1646 1153 1728 ipsi
1168 1672 1238 1728 pm.

182 1746 289 1821 plteto,
307 1745 395 1801 etiam
412 1744 441 1799 in
454 1745 516 1799 aliie
533 1760 589 1799 vos
600 1736 635 1810 6)’
648 1744 788 1798 exaudiri.
822 1743 935 1799 Eadem
945 1741 1018 1798 mihi
1030 1745 1137 1800 laetitia
1153 1756 1239 1799 ancta

182 1847 249 1906 est,
265 1835 346 1908 qnod
363 1844 392 1889 te
409 1851 531 1906 quoque
548 1833 676 1902 intelligo
689 1833 759 1888 satis
771 1833 968 1889 confidentem
981 1848 1049 1891 ease
1062 1835 1091 1889 in
1103 1835 1240 1893 Domino

182 1928 327 1982 adversus
344 1924 522 1980 istas-furies
534 1916 564 1992 ⁷)
582 1925 711 1979 Satanae.
745 1922 917 1996 Philippum
934 1939 985 1978 ana
1003 1937 1128 1981 exercet
1145 1926 1244 1998 philo.

181 2017 307 2090 sophia,
324 2032 360 2070 ac
377 2006 528 2087 praete‘rea
545 2014 632 2070 nihil:
651 2008 717 2068 nam
735 2029 823 2068 eattsa
839 2007 866 2079 ⁸)
884 2016 944 2087 ipsa
960 2025 1006 2071 est
1018 2016 1048 2070 in
1060 2032 1149 2072 manu
1161 2019 1242 2087 ejus,

182 2107 234 2178 qui
251 2103 462 2176 superbissime
480 2098 579 2157 dicere
599 2102 699 2158 audet:
728 2103 832 2158 Nemo
854 2104 961 2176 rapiet
983 2121 1055 2159 eam
1078 2105 1118 2160 de
1139 2122 1241 2162 manu

182 2210 263 2250 mea.
287 2193 354 2249 Nec
366 2194 491 2260 vellem,
508 2208 566 2246 nec
581 2193 750 2247 consultum
764 2203 855 2260 esset,
869 2193 898 2247 in
909 2202 1011 2249 nostra
1023 2211 1112 2250 manu
1123 2187 1239 2264 esse.’)

181 2283 236 2352 bd)
253 2283 301 2345 bal
319 2281 361 2344 ite
379 2280 431 2339 uiri
446 2280 473 2335 in
485 2296 574 2335 manu
585 2296 651 2335 mee
663 2280 774 2345 reialta
792 2285 846 2338 unt
858 2281 908 2339 alle
921 2281 1060 2342 certarent
1078 2282 1242 2349 alatrinus

182 2371 314 2435 teuniter.
333 2371 369 2437 ¹⁰)
404 2370 488 2444 Quas
502 2360 587 2423 ⁴vero
610 2378 694 2423 extra
718 2385 823 2423 manna
848 2387 929 2426 meas
947 2371 976 2425 in
993 2372 1076 2427 illum
1093 2372 1242 2431 hactenus

180 2463 311 2535 rejicere
336 2462 434 2533 potui,
461 2459 557 2514 adhuc
583 2457 679 2513 habeo
703 2460 800 2514 salvas
819 2470 847 2513 et
865 2461 1001 2529 integras.
1036 2461 1116 2537 Quia
1133 2480 1243 2520 verum

182 2564 246 2608 est:
264 2552 353 2607 Deus
370 2556 480 2604 noster
496 2545 658 2622 refugium
674 2554 704 2600 et
721 2547 832 2602 virtus.
867 2549 946 2624 Quis
963 2551 1106 2622 sperauit
1121 2551 1243 2608 ineunt

182 2650 213 2698 et
229 2641 398 2698 derelictus
415 2642 485 2694 est?
503 2638 542 2692 ait
558 2638 690 2707 sapiens:
707 2637 873 2692 etiterum:
889 2640 1050 2715 Quoniam
1066 2658 1134 2697 non
1151 2642 1245 2699 dere·

181 2730 303 2806 linquis
320 2734 353 2798 ¹¹)
371 2733 620 2805 quaerentem,
640 2725 788 2782 Domine.

247 2821 313 2890 Ego
331 2819 381 2873 bic
397 2820 493 2873 iactus
511 2833 578 2871 sum
595 2833 693 2871 novus
711 2815 873 2888 discipulus
892 2817 1045 2893 decalogi,
1071 2820 1157 2877 illum
1178 2823 1242 2894 jam

174 2894 397 2984 ‘repuerascens
418 2908 455 2962 ad
479 2907 606 2961 verbum
631 2906 770 2974 addisco,
788 2908 827 2975 ¹2)
855 2919 885 2965 et
910 2910 998 2966 video
1022 2928 1128 2969 verum
1155 2932 1241 2982 esse,

183 3000 265 3074 quod
283 2997 442 3068 sapientiae
459 2995 525 3064 ejus
542 3012 602 3048 non
621 3005 667 3048 est
685 2991 724 3060 ¹³)
749 3012 909 3066 numerus,
935 3008 966 3054 et
982 3001 1068 3072 coepi
1083 3002 1239 3073 judicare,

183 3090 360 3159 decalogum
377 3101 444 3141 esse
462 3084 642 3139 dialecticam
658 3083 828 3153 Evangelii,
854 3097 884 3141 et
900 3087 1096 3158 Evangelium
1114 3093 1242 3149 rhetori.

184 3196 250 3236 cam
268 3175 421 3245 decalogi,
445 3172 617 3242 habereque
637 3171 789 3227 Christum
811 3175 910 3230 omniu
929 3176 1030 3244 niori,
1055 3181 1110 3235 sed
1126 3181 1242 3238 Mosen

183 3287 245 3327 aon
261 3267 361 3322 otunia
378 3263 505 3330 Christi,
529 3261 733 3332 appellavique
751 3279 832 3318 novo
849 3266 969 3321 nomine
985 3259 1025 3335 ¹⁴)
1043 3306 1240 3329 ........

185 3387 626 3416 ·················
655 3349 697 3404 lta
714 3351 787 3404 mihi
805 3352 1006 3412 videturesse
1023 3356 1173 3431 infinitus
1188 3361 1242 3418 „q

184 3410 367 3505 finitissimus
387 3439 569 3497 calendarius
588 3438 721 3492 omnium
739 3450 851 3498 rerum.

233 3633 255 3684 1)
269 3627 355 3674 lludd.
369 3636 406 3670 me
420 3621 555 3670 maceratis.
591 3621 907 3674 hincminmarus.
949 3627 1044 3688 Mire
1056 3626 1242 3687 fingerent-e

185 3703 299 3758 “praetre
312 3709 352 3746 aa.
387 3697 450 3752 ttl'.
466 3688 595 3753 peccatore
609 3698 780 3752 stupratore.
818 3700 841 3748 5)
857 3699 1071 3755 codd'rlnltea.
1108 3707 1131 3757 6)
1144 3706 1174 3753 Τ.
1187 3716 1242 3754 naa

184 3781 208 3834 1)
221 3778 250 3824 Τ.
265 3771 372 3822 insidias.
409 3773 432 3818 8)
447 3769 576 3814 lh-ttaat
589 3769 743 3823 tutantem.
781 3771 802 3822 9)
818 3771 1003 3821 cndu-ene.
1041 3777 1242 3830 tercentenus

186 3853 301 3904 btbaltttt.
343 3849 376 3895 tt)
390 3847 419 3889 Α.
434 3841 556 3898 relinquis.
599 3843 633 3893 12)
647 3840 811 3889 codddlaco.
834 3844 914 3892 cnei.
929 3846 1011 3896 edisco
1063 3852 1097 3900 13)
1112 3851 1188 3899 codd.
1202 3852 1243 3900 ait,

186 3927 223 3975 tat
234 3921 292 3982 pter
306 3921 332 3974 tit
345 3919 395 3967 elne
408 3912 473 3967 iude
485 3916 511 3963 tn
520 3915 696 3965 asennaeum.
713 3914 762 3969 bie
771 3915 985 3979 maruappettavt
994 3924 1041 3971 ete.
1051 3923 1092 3978 iat
1105 3923 1241 3975 crateae

162 3986 170 3994 '
187 4007 230 4054 aar
242 3994 310 4046 aiat.
