2594 4696
541 285 631 359 tim
1054 278 1116 351 107

57 434 106 495 tei.
142 436 193 495 Ibi
209 439 311 513 purius
327 448 373 499 ιιι
388 442 576 513 moriendum
592 454 696 502 contra
711 442 791 511 hauc
812 408 993 513 iniuuitatem
1009 446 1038 495 ιι
1061 438 1117 494 im.

56 526 239 599 'flamm-¹)
260 530 394 603 -Loqunr
401 532 440 588 ιιι
449 532 602 605 Ecclesia,
610 534 746 590 distincta
753 533 817 604 jam
828 548 845 587 a
856 531 974 588 civitate
985 528 1116 602 politica.

119 632 262 709 Quinto,
288 636 462 710 Episcopus
486 649 518 693 ut
533 640 679 710 Princeps
704 646 805 712 potest
828 637 889 692 stria
914 634 1059 715 subditis,
1082 642 1118 689 ut
1147 672 1151 679 -

59 722 207 794 subditis,
232 725 389 799 imponere
406 730 547 803 quioquid
564 731 662 786 visum
679 730 785 796 fuerit,
802 727 894 783 modo
911 725 992 796 pium
1009 734 1039 781 et
1054 723 1117 779 iici.
1159 762 1163 769 .

46 818 118 869 'tum
134 814 192 883 sit,
208 826 242 871 ιι
257 817 367 875 subditi
383 828 521 877 tenentur
536 818 672 876 obedire.
705 818 856 875 Obediunt
873 816 952 872 enim
968 825 1041 870 tnnc
1053 828 1117 871 nou

10 912 14 937 ¹
61 902 238 961 amenesii
248 944 259 973 ‚
269 906 298 973 ι)
313 908 368 963 aed
383 920 417 965 ut
433 910 528 981 cives.
559 909 618 965 Eat
635 909 713 965 enim
729 916 760 965 et
771 905 909 963 Ecclesia
923 920 1052 978 persona
1063 904 1118 958 du.

60 992 127 1063 pisa
142 994 175 1049 in
193 994 305 1053 eodem
321 998 455 1055 homine.
488 1000 539 1055 Sic
551 1000 705 1055 conradus
721 998 897 1067 aThungen
911 994 1117 1067 praecipiendo

63 1083 119 1139 anis
135 1084 278 1154 Francia
293 1096 328 1142 ut
341 1088 419 1144 Dux
436 1090 592 1159 Franciae,
609 1090 756 1161 jejunium
773 1098 823 1143 aut
838 1085 915 1143 aliud
930 1082 961 1153 ⁸)
986 1083 1116 1153 tionum,

62 1176 133 1245 anea
149 1192 207 1233 eos
224 1178 276 1249 qui
293 1178 417 1235 Ducem
433 1190 597 1251 agnoscunt
613 1182 650 1236 ad
667 1179 882 1249 obedientiam,
906 1178 960 1235 sed
976 1193 1036 1232 non
1060 1191 1117 1232 ens

62 1263 106 1335 qui
124 1262 318 1339 Episcopum
333 1260 367 1335 4)
391 1280 573 1339 agnoscunt,
601 1271 716 1327 scilicet
738 1269 789 1343 qui
812 1277 882 1325 sunt
903 1265 961 1323 suia
989 1266 1117 1321 aliorum

61 1350 233 1433 Principum
244 1356 388 1426 dominio,
404 1360 517 1417 etiamsi
530 1360 587 1416 sint
597 1360 633 1415 de
644 1359 780 1416 Ecclesia
791 1356 1009 1430 Herbipoleusi.
1034 1354 1118 1411 Sicut

61 1440 247 1501 Posteranus
263 1449 449 1517 cogitanam
466 1465 590 1505 servum
607 1451 642 1504 ad
660 1448 885 1505 oeconomicam
901 1462 986 1503 suam
1002 1446 1116 1517 legem,

60 1534 108 1591 aed
120 1550 186 1595 uon
203 1530 377 1593 Ecclesiam
393 1554 478 1594 suun
494 1539 783 1610 witenbergenaem.

117 1640 217 1717 Quod
234 1650 267 1697 tu
284 1642 321 1698 de
336 1661 407 1715 rege
424 1644 535 1701 Ninive
555 1645 669 1715 arguis,
694 1645 777 1699 vides
794 1658 861 1699 esse
885 1642 1016 1699 edictum
1031 1656 1115 1715 mera

61 1730 235 1801 politicum,
252 1740 313 1787 unu
330 1743 460 1804 attento,
478 1752 514 1790 an
531 1736 570 1792 sit
583 1734 723 1790 Ecclesia
738 1733 787 1788 vel
804 1731 949 1803 gentilitas
966 1728 1023 1787 sub
1038 1730 1115 1803 ipso.

60 1816 102 1875 iic
118 1820 146 1876 si
164 1820 279 1877 Caesar
295 1822 455 1896 praecipiat
473 1824 649 1895 generaliter
672 1822 811 1879 omnibus
823 1821 991 1892 jejunium,
1014 1819 1118 1875 obedi.

60 1917 103 1963 ent
120 1909 214 1964 etiam
229 1910 249 1964 ri
264 1910 316 1982 qui
333 1906 441 1980 sunt⁵)
458 1912 613 1981 Ecclesia,
632 1912 699 1983 quia
710 1910 849 1968 Ecclesia
860 1919 908 1966 est
919 1908 978 1965 sub
989 1907 1117 1964 Caesare

10 2036 14 2063 ι
59 1998 226 2053 secondum
241 2012 379 2070 earnem,
404 2002 458 2057 sed
474 2019 535 2058 nnn
558 2001 660 2057 obedit
679 2012 712 2056 ut
728 1999 874 2056 Ecclesia.
909 1998 994 2055 idem
1016 2007 1063 2054 ιιι
1078 1998 1116 2055 de

10 2074 13 2089 '
58 2103 124 2157 rege
141 2087 304 2161 dodaphat„
337 2090 452 2147 Verum
469 2092 506 2146 de
523 2091 718 2148 Maohabaeis
740 2090 853 2145 ciarum
878 2097 938 2158 ιιι,
964 2088 1045 2162 quod
1062 2104 1117 2145 aua

58 2172 210 2232 Encaenia
225 2195 288 2233 non
305 2176 361 2250 ipsi
379 2180 436 2236 soli
448 2181 653 2247 instituerunt,
662 2172 691 2247 6)
708 2181 762 2236 sed
773 2191 854 2236 totus
865 2180 996 2253 populus
1005 2157 1038 2247 7)
1053 2192 1117 2234 uno

57 2280 223 2322 consensu.
258 2266 343 2323 Idem
360 2285 527 2326 consensus
545 2270 694 2343 potuisset
717 2270 820 2325 eadem
842 2269 968 2335 toliere,
991 2269 1062 2325 iicet
1085 2278 1117 2323 et

55 2354 105 2413 tue
116 2356 250 2412 multum
265 2357 353 2413 fuerit
370 2359 484 2429 politici
495 2352 526 2427 8)
544 2358 659 2425 statuti,
677 2359 738 2414 imo
755 2370 852 2416 totum
869 2360 932 2413 iere
949 2358 1116 2430 politicum,

55 2445 280 2502 dominantibus
304 2446 419 2504 scilicet
437 2449 652 2519 Machabaeis,
674 2465 732 2506 nec
754 2459 854 2504 tamen
876 2449 941 2505 sine
963 2462 1116 2503 consensu

55 2536 158 2609 popuii
176 2544 330 2590 statutum.
347 2528 377 2604 ⁹)

120 2640 228 2715 Quare
255 2660 354 2713 neque
383 2644 587 2700 ecclesiastico
616 2660 673 2700 nec
699 2646 825 2718 profano
855 2645 925 2715 jure
953 2654 1116 2715 possumus

54 2728 220 2801 Episcopia
236 2731 366 2786 tribuere
378 2743 570 2804 potestatem,
588 2752 678 2805 super·
690 2735 857 2790 Ecclesiam
874 2732 1018 2788 stantandi
1032 2731 1118 2802 quid.

55 2838 168 2892 qnam,
192 2824 383 2893 quantumvis
405 2824 517 2878 licitum
542 2836 571 2879 et
595 2825 692 2896 pium,
715 2824 783 2895 quia
806 2841 867 2878 uon
891 2834 961 2876 sunt
984 2822 1117 2877 facienda

55 2908 151 2978 mala,
176 2922 210 2964 ut
232 2914 368 2966 eveniant
385 2912 473 2968 bona.
508 2913 644 2989 Quodsi
668 2914 755 2968 etiam
771 2916 800 2969 vi
816 2928 925 2983 cogere
948 2922 978 2967 et
995 2910 1116 2981 exigere

54 3000 168 3069 velint,
191 3016 252 3054 uon
270 3000 411 3057 debemus
436 3002 556 3056 obedire
574 3013 623 3058 aut
644 3002 832 3068 consentire,
855 3001 909 3057 aed
926 2978 1024 3073 pintus
1040 3000 1116 3057 nturi

55 3107 112 3164 pro
130 3090 322 3145 distinctione
345 3093 488 3146 servanda
513 3092 635 3147 istarum
659 3091 959 3159 administrationum,
983 3090 1047 3145 hoc
1071 3102 1118 3147 eat

55 3198 111 3253 pro
133 3180 289 3235 voluntate
315 3189 344 3234 et
368 3182 431 3251 lege
457 3181 536 3249 Dei,
566 3193 670 3237 contra
696 3183 876 3253 impietatem
901 3192 931 3237 ιι
953 3181 1117 3251 sacrilegia.

57 3271 165 3337 Adde,
189 3271 214 3324 si
237 3270 366 3325 dixerint
383 3271 477 3342 (quod
503 3282 602 3326 tamen
619 3290 678 3327 non
704 3274 825 3340 facient)
842 3271 976 3344 pericuio
999 3286 1056 3327 suo
1082 3287 1115 3327 se

56 3360 132 3413 velte
151 3374 209 3412 nos
227 3375 368 3426 gravare,
387 3371 416 3413 ιι
433 3372 571 3430 tanquam
588 3360 702 3432 tyranni
721 3378 736 3413 a
753 3360 840 3415 nobis
857 3359 982 3424 haberi,
1007 3370 1037 3414 et
1054 3360 1118 3418 exi.

56 3464 126 3517 gere
140 3466 178 3502 ιιι
191 3448 269 3502 maio
284 3448 457 3503 resistamus
475 3458 533 3503 etc.
567 3449 777 3504 Resistendum
796 3462 859 3517 est,
875 3466 932 3505 neo
945 3450 1007 3504 ulio
1024 3466 1116 3521 opere

57 3536 277 3604 obediendum,
303 3537 354 3591 sed
374 3538 555 3592 contrarium
572 3539 756 3605 faciendum,
780 3541 847 3610 quia
864 3538 915 3593 hic
933 3557 993 3594 uon
1016 3541 1116 3595 solum

57 3627 152 3683 ιιιιιιι
176 3627 308 3692 malum,
332 3628 385 3681 sed
410 3627 600 3683 confirmatur
626 3628 779 3702 iniquitas,
804 3639 835 3684 et
857 3642 983 3700 negatur
1007 3630 1115 3701 pietas,
1158 3670 1162 3678 ,

105 3815 127 3862 ι)
141 3808 224 3854 Coei.
239 3807 281 3853 ttic
294 3832 323 3841 -·
337 3819 396 3853 mor.
411 3820 479 3865 quam
494 3808 554 3854 ιιιιι
568 3808 623 3866 imp.
639 3813 663 3855 et
677 3810 749 3867 iniqu.
765 3810 925 3858 committere.
975 3812 1000 3859 2>
1014 3811 1039 3855 c.
1052 3814 1117 3858 -et

57 3881 116 3929 ecel.
161 3880 408 3937 ainuriratiquid.
452 3884 474 3930 ι)
490 3885 517 3926 Α.
532 3883 600 3933 ruerit
613 3882 752 3939 episcopum
766 3885 828 3930 ιιιιι
842 3885 933 3931 ducem.
975 3886 998 3932 5)
1014 3883 1115 3936 (λιιι.

57 3957 78 4008 ι)
91 3958 122 4001 Δ.
136 3953 306 4002 restituerunt.
343 3955 366 4006 ι)
382 3953 408 4000 c.
422 3952 600 4012 totinspopuli.
632 3959 656 4009 tt)
669 3954 884 4008 arnsdtnuvet.
918 3958 941 4011 9)
956 3955 981 4003 c.
994 3957 1025 4004 Δ.
1039 3957 1056 4011 †
1069 3960 1115 4009 ιιι.
