<?xml version="1.0" encoding="UTF-8"?>
<!DOCTYPE html PUBLIC "-//W3C//DTD XHTML 1.0 Transitional//EN"
    "http://www.w3.org/TR/xhtml1/DTD/xhtml1-transitional.dtd">
<html xmlns="http://www.w3.org/1999/xhtml" xml:lang="en" lang="en">
 <head>
  <title>
</title>
<meta http-equiv="Content-Type" content="text/html;charset=utf-8" />
  <meta name='ocr-system' content='tesseract 3.04.00' />
  <meta name='ocr-capabilities' content='ocr_page ocr_carea ocr_par ocr_line ocrx_word'/>
</head>
<body>
  <div class='ocr_page' id='page_1' title='image "./briefesendschre00luthgoog/briefesendschre00luthgoog_0176.png"; bbox 0 0 2586 4696; ppageno 0'>
   <div class='ocr_carea' id='block_1_1' title="bbox 112 300 1248 3869">
    <p class='ocr_par' dir='ltr' id='par_1_1' title="bbox 599 300 1174 376">
     <span class='ocr_line' id='line_1_1' title="bbox 599 300 1174 376; baseline 0 -4"><span class='ocrx_word' id='word_1_1' title='bbox 599 302 695 376; x_wconf 75' lang='lat'><strong>1530.</strong></span> <span class='ocrx_word' id='word_1_2' title='bbox 1115 300 1174 372; x_wconf 70' lang='lat'><strong>1⁴9</strong></span> 
     </span>
    </p>

    <p class='ocr_par' dir='ltr' id='par_1_2' title="bbox 112 420 1243 1889">
     <span class='ocr_line' id='line_1_2' title="bbox 114 420 1176 538; baseline -0.005 -17"><span class='ocrx_word' id='word_1_3' title='bbox 114 420 265 521; x_wconf 76' lang='lat' dir='ltr'><strong>Gratiam</strong></span> <span class='ocrx_word' id='word_1_4' title='bbox 281 474 314 522; x_wconf 85' lang='lat' dir='ltr'><strong>et</strong></span> <span class='ocrx_word' id='word_1_5' title='bbox 329 458 482 538; x_wconf 80' lang='lat' dir='ltr'><strong>paoem-in</strong></span> <span class='ocrx_word' id='word_1_6' title='bbox 499 465 620 523; x_wconf 82' lang='lat' dir='ltr'><strong>Christo</strong></span> <span class='ocrx_word' id='word_1_7' title='bbox 634 468 712 523; x_wconf 81' lang='lat' dir='ltr'><strong>Jesu</strong></span> <span class='ocrx_word' id='word_1_8' title='bbox 727 466 864 522; x_wconf 87' lang='lat' dir='ltr'><strong>Domino</strong></span> <span class='ocrx_word' id='word_1_9' title='bbox 881 471 1013 522; x_wconf 76' lang='lat' dir='ltr'><strong>nostro·</strong></span> <span class='ocrx_word' id='word_1_10' title='bbox 1028 462 1118 519; x_wconf 85' lang='lat' dir='ltr'><strong>Redit</strong></span> <span class='ocrx_word' id='word_1_11' title='bbox 1139 456 1176 517; x_wconf 84' lang='lat' dir='ltr'><strong>ad</strong></span> 
     </span>
     <span class='ocr_line' id='line_1_3' title="bbox 112 554 1181 630; baseline -0.004 -20"><span class='ocrx_word' id='word_1_12' title='bbox 112 566 163 624; x_wconf 89' lang='lat' dir='ltr'><strong>te,</strong></span> <span class='ocrx_word' id='word_1_13' title='bbox 176 556 293 629; x_wconf 84' lang='lat' dir='ltr'><strong>optime</strong></span> <span class='ocrx_word' id='word_1_14' title='bbox 301 556 424 621; x_wconf 71' lang='lat' dir='ltr'><strong>anti,</strong></span> <span class='ocrx_word' id='word_1_15' title='bbox 436 558 533 613; x_wconf 83' lang='lat' dir='ltr'><strong>Amos</strong></span> <span class='ocrx_word' id='word_1_16' title='bbox 542 567 632 624; x_wconf 82' lang='lat' dir='ltr'><strong>tuus,</strong></span> <span class='ocrx_word' id='word_1_17' title='bbox 648 574 738 630; x_wconf 88' lang='lat' dir='ltr'><strong>quem</strong></span> <span class='ocrx_word' id='word_1_18' title='bbox 751 559 786 618; x_wconf 85' lang='lat' dir='ltr'><strong>ad</strong></span> <span class='ocrx_word' id='word_1_19' title='bbox 798 574 845 611; x_wconf 90' lang='lat' dir='ltr'><strong>me</strong></span> <span class='ocrx_word' id='word_1_20' title='bbox 853 556 1028 627; x_wconf 89' lang='lat' dir='ltr'><strong>jamdudum</strong></span> <span class='ocrx_word' id='word_1_21' title='bbox 1040 554 1181 614; x_wconf 49' lang='lat' dir='ltr'><strong>miseran·</strong></span> 
     </span>
     <span class='ocr_line' id='line_1_4' title="bbox 112 643 1241 727; baseline -0.008 -24"><span class='ocrx_word' id='word_1_22' title='bbox 112 644 188 703; x_wconf 89' lang='lat' dir='ltr'><strong>Non</strong></span> <span class='ocrx_word' id='word_1_23' title='bbox 198 656 248 701; x_wconf 86' lang='lat' dir='ltr'><strong>est</strong></span> <span class='ocrx_word' id='word_1_24' title='bbox 257 660 327 701; x_wconf 86' lang='lat' dir='ltr'><strong>tnea</strong></span> <span class='ocrx_word' id='word_1_25' title='bbox 340 647 443 727; x_wconf 81' lang='lat' dir='ltr'><strong>culpa,</strong></span> <span class='ocrx_word' id='word_1_26' title='bbox 460 648 546 720; x_wconf 91' lang='lat' dir='ltr'><strong>quod·</strong></span> <span class='ocrx_word' id='word_1_27' title='bbox 558 646 671 703; x_wconf 88' lang='lat' dir='ltr'><strong>tardius</strong></span> <span class='ocrx_word' id='word_1_28' title='bbox 688 648 783 702; x_wconf 87' lang='lat' dir='ltr'><strong>editus</strong></span> <span class='ocrx_word' id='word_1_29' title='bbox 802 655 865 715; x_wconf 88' lang='lat' dir='ltr'><strong>est,</strong></span> <span class='ocrx_word' id='word_1_30' title='bbox 884 647 935 702; x_wconf 82' lang='lat' dir='ltr'><strong>sed</strong></span> <span class='ocrx_word' id='word_1_31' title='bbox 949 646 1085 700; x_wconf 84' lang='lat' dir='ltr'><strong>voluntas</strong></span> <span class='ocrx_word' id='word_1_32' title='bbox 1098 643 1176 714; x_wconf 76' lang='lat' dir='ltr'><strong>ejus,</strong></span> <span class='ocrx_word' id='word_1_33' title='bbox 1236 708 1241 715; x_wconf 83' lang='lat'><strong>.</strong></span> 
     </span>
     <span class='ocr_line' id='line_1_5' title="bbox 113 733 1182 810; baseline -0.003 -19"><span class='ocrx_word' id='word_1_34' title='bbox 113 736 163 791; x_wconf 83' lang='lat' dir='ltr'><strong>cni</strong></span> <span class='ocrx_word' id='word_1_35' title='bbox 179 734 310 801; x_wconf 70' lang='lat' dir='ltr'><strong>donasti.</strong></span> <span class='ocrx_word' id='word_1_36' title='bbox 339 733 415 810; x_wconf 77' lang='lat' dir='ltr'><strong>-Qua</strong></span> <span class='ocrx_word' id='word_1_37' title='bbox 437 737 551 791; x_wconf 89' lang='lat' dir='ltr'><strong>ratione</strong></span> <span class='ocrx_word' id='word_1_38' title='bbox 572 737 597 791; x_wconf 89' lang='lat' dir='ltr'><strong>is</strong></span> <span class='ocrx_word' id='word_1_39' title='bbox 620 747 721 792; x_wconf 81' lang='lat' dir='ltr'><strong>motus</strong></span> <span class='ocrx_word' id='word_1_40' title='bbox 745 736 800 805; x_wconf 83' lang='lat' dir='ltr'><strong>sit,</strong></span> <span class='ocrx_word' id='word_1_41' title='bbox 824 737 969 791; x_wconf 89' lang='lat' dir='ltr'><strong>incertum</strong></span> <span class='ocrx_word' id='word_1_42' title='bbox 992 745 1049 790; x_wconf 86' lang='lat' dir='ltr'><strong>est.</strong></span> <span class='ocrx_word' id='word_1_43' title='bbox 1083 733 1182 808; x_wconf 76' lang='lat' dir='ltr'><strong>Quod·</strong></span> 
     </span>
     <span class='ocr_line' id='line_1_6' title="bbox 112 822 1181 898; baseline 0 -19"><span class='ocrx_word' id='word_1_44' title='bbox 112 840 189 880; x_wconf 84' lang='lat' dir='ltr'><strong>vero</strong></span> <span class='ocrx_word' id='word_1_45' title='bbox 204 834 240 879; x_wconf 90' lang='lat' dir='ltr'><strong>tu</strong></span> <span class='ocrx_word' id='word_1_46' title='bbox 258 840 316 897; x_wconf 88' lang='lat' dir='ltr'><strong>pro</strong></span> <span class='ocrx_word' id='word_1_47' title='bbox 332 822 497 880; x_wconf 86' lang='lat' dir='ltr'><strong>humilitate</strong></span> <span class='ocrx_word' id='word_1_48' title='bbox 514 825 637 898; x_wconf 79' lang='lat' dir='ltr'><strong>spiritus</strong></span> <span class='ocrx_word' id='word_1_49' title='bbox 649 826 710 894; x_wconf 91' lang='lat' dir='ltr'><strong>tui,</strong></span> <span class='ocrx_word' id='word_1_50' title='bbox 728 836 825 880; x_wconf 90' lang='lat' dir='ltr'><strong>totum</strong></span> <span class='ocrx_word' id='word_1_51' title='bbox 836 825 918 880; x_wconf 88' lang='lat' dir='ltr'><strong>hunc</strong></span> <span class='ocrx_word' id='word_1_52' title='bbox 929 823 1181 879; x_wconf 80' lang='lat' dir='ltr'><strong>oommentaritun·</strong></span> 
     </span>
     <span class='ocr_line' id='line_1_7' title="bbox 114 911 1178 985; baseline -0.005 -15"><span class='ocrx_word' id='word_1_53' title='bbox 114 931 184 970; x_wconf 83' lang='lat' dir='ltr'><strong>meu</strong></span> <span class='ocrx_word' id='word_1_54' title='bbox 196 914 317 985; x_wconf 86' lang='lat' dir='ltr'><strong>judicio</strong></span> <span class='ocrx_word' id='word_1_55' title='bbox 334 913 477 985; x_wconf 82' lang='lat' dir='ltr'><strong>subjicis,</strong></span> <span class='ocrx_word' id='word_1_56' title='bbox 494 923 527 968; x_wconf 89' lang='lat' dir='ltr'><strong>ut</strong></span> <span class='ocrx_word' id='word_1_57' title='bbox 545 927 673 984; x_wconf 88' lang='lat' dir='ltr'><strong>mutem,</strong></span> <span class='ocrx_word' id='word_1_58' title='bbox 698 916 820 984; x_wconf 85' lang='lat' dir='ltr'><strong>addam,</strong></span> <span class='ocrx_word' id='word_1_59' title='bbox 846 915 1016 981; x_wconf 85' lang='lat' dir='ltr'><strong>detraham,</strong></span> <span class='ocrx_word' id='word_1_60' title='bbox 1042 928 1117 983; x_wconf 86' lang='lat' dir='ltr'><strong>quse</strong></span> <span class='ocrx_word' id='word_1_61' title='bbox 1132 911 1178 966; x_wconf 87' lang='lat' dir='ltr'><strong>vi.</strong></span> 
     </span>
     <span class='ocr_line' id='line_1_8' title="bbox 115 1003 1183 1071; baseline -0.004 -11"><span class='ocrx_word' id='word_1_62' title='bbox 115 1005 223 1060; x_wconf 86' lang='lat' dir='ltr'><strong>dentur</strong></span> <span class='ocrx_word' id='word_1_63' title='bbox 237 1004 315 1059; x_wconf 88' lang='lat' dir='ltr'><strong>milti</strong></span> <span class='ocrx_word' id='word_1_64' title='bbox 322 1043 333 1071; x_wconf 88' lang='lat'><strong>,</strong></span> <span class='ocrx_word' id='word_1_65' title='bbox 351 1003 427 1060; x_wconf 80' lang='lat' dir='ltr'><strong>absit</strong></span> <span class='ocrx_word' id='word_1_66' title='bbox 439 1020 454 1057; x_wconf 81' lang='lat' dir='ltr'><strong>s</strong></span> <span class='ocrx_word' id='word_1_67' title='bbox 465 1020 534 1071; x_wconf 87' lang='lat' dir='ltr'><strong>me,</strong></span> <span class='ocrx_word' id='word_1_68' title='bbox 552 1014 584 1060; x_wconf 91' lang='lat' dir='ltr'><strong>ut</strong></span> <span class='ocrx_word' id='word_1_69' title='bbox 596 1005 625 1060; x_wconf 91' lang='lat' dir='ltr'><strong>in</strong></span> <span class='ocrx_word' id='word_1_70' title='bbox 636 1006 697 1060; x_wconf 89' lang='lat' dir='ltr'><strong>hoc</strong></span> <span class='ocrx_word' id='word_1_71' title='bbox 708 1018 738 1060; x_wconf 90' lang='lat' dir='ltr'><strong>te</strong></span> <span class='ocrx_word' id='word_1_72' title='bbox 752 1005 877 1060; x_wconf 78' lang='lat' dir='ltr'><strong>audiam.</strong></span> <span class='ocrx_word' id='word_1_73' title='bbox 912 1004 987 1059; x_wconf 85' lang='lat' dir='ltr'><strong>Cum</strong></span> <span class='ocrx_word' id='word_1_74' title='bbox 1005 1003 1083 1057; x_wconf 84' lang='lat' dir='ltr'><strong>euim</strong></span> <span class='ocrx_word' id='word_1_75' title='bbox 1101 1003 1183 1057; x_wconf 73' lang='lat' dir='ltr'><strong>inter’</strong></span> 
     </span>
     <span class='ocr_line' id='line_1_9' title="bbox 114 1091 1183 1166; baseline -0.002 -18"><span class='ocrx_word' id='word_1_76' title='bbox 114 1092 262 1166; x_wconf 70' lang='lat' dir='ltr'><strong>profanos</strong></span> <span class='ocrx_word' id='word_1_77' title='bbox 279 1094 493 1163; x_wconf 82' lang='lat' dir='ltr'><strong>odiosurrtvsit,</strong></span> <span class='ocrx_word' id='word_1_78' title='bbox 506 1094 536 1149; x_wconf 91' lang='lat' dir='ltr'><strong>in</strong></span> <span class='ocrx_word' id='word_1_79' title='bbox 553 1095 652 1150; x_wconf 81' lang='lat' dir='ltr'><strong>alieno</strong></span> <span class='ocrx_word' id='word_1_80' title='bbox 667 1094 750 1150; x_wconf 91' lang='lat' dir='ltr'><strong>libro</strong></span> <span class='ocrx_word' id='word_1_81' title='bbox 762 1094 946 1164; x_wconf 83' lang='lat' dir='ltr'><strong>ingeniosum</strong></span> <span class='ocrx_word' id='word_1_82' title='bbox 968 1108 1055 1160; x_wconf 85' lang='lat' dir='ltr'><strong>esse,</strong></span> <span class='ocrx_word' id='word_1_83' title='bbox 1081 1091 1183 1146; x_wconf 78' lang='lat' dir='ltr'><strong>multo·</strong></span> 
     </span>
     <span class='ocr_line' id='line_1_10' title="bbox 115 1184 1177 1254; baseline -0.002 -16"><span class='ocrx_word' id='word_1_84' title='bbox 115 1185 207 1254; x_wconf 80' lang='lat' dir='ltr'><strong>magis</strong></span> <span class='ocrx_word' id='word_1_85' title='bbox 225 1185 308 1240; x_wconf 85' lang='lat' dir='ltr'><strong>inter</strong></span> <span class='ocrx_word' id='word_1_86' title='bbox 325 1184 503 1241; x_wconf 81' lang='lat' dir='ltr'><strong>christianos</strong></span> <span class='ocrx_word' id='word_1_87' title='bbox 520 1185 704 1253; x_wconf 77' lang='lat' dir='ltr'>intolerabile</span> <span class='ocrx_word' id='word_1_88' title='bbox 721 1194 784 1252; x_wconf 85' lang='lat' dir='ltr'><strong>est,</strong></span> <span class='ocrx_word' id='word_1_89' title='bbox 801 1184 858 1240; x_wconf 86' lang='lat' dir='ltr'><strong>sibi</strong></span> <span class='ocrx_word' id='word_1_90' title='bbox 870 1184 1072 1254; x_wconf 87' lang='lat' dir='ltr'><strong>magisterium</strong></span> <span class='ocrx_word' id='word_1_91' title='bbox 1086 1198 1177 1253; x_wconf 86' lang='lat' dir='ltr'><strong>super</strong></span> 
     </span>
     <span class='ocr_line' id='line_1_11' title="bbox 115 1271 1184 1347; baseline -0.004 -18"><span class='ocrx_word' id='word_1_92' title='bbox 115 1274 256 1346; x_wconf 75' lang='lat' dir='ltr'><strong>ejusdem</strong></span> <span class='ocrx_word' id='word_1_93' title='bbox 272 1274 399 1346; x_wconf 81' lang='lat' dir='ltr'><strong>Spiritus</strong></span> <span class='ocrx_word' id='word_1_94' title='bbox 417 1274 580 1346; x_wconf 87' lang='lat' dir='ltr'><strong>discipulos</strong></span> <span class='ocrx_word' id='word_1_95' title='bbox 597 1292 743 1345; x_wconf 76' lang='lat' dir='ltr'><strong>arrogare.</strong></span> <span class='ocrx_word' id='word_1_96' title='bbox 778 1273 853 1331; x_wconf 82' lang='lat' dir='ltr'><strong>Satis</strong></span> <span class='ocrx_word' id='word_1_97' title='bbox 876 1284 923 1329; x_wconf 84' lang='lat' dir='ltr'><strong>est</strong></span> <span class='ocrx_word' id='word_1_98' title='bbox 946 1273 1074 1347; x_wconf 83' lang='lat' dir='ltr'><strong>probare</strong></span> <span class='ocrx_word' id='word_1_99' title='bbox 1092 1271 1184 1344; x_wconf 74' lang='lat' dir='ltr'><strong>spiri:</strong></span> 
     </span>
     <span class='ocr_line' id='line_1_12' title="bbox 114 1363 1182 1438; baseline 0 -19"><span class='ocrx_word' id='word_1_100' title='bbox 114 1377 182 1433; x_wconf 83' lang='lat' dir='ltr'><strong>tua,</strong></span> <span class='ocrx_word' id='word_1_101' title='bbox 206 1380 247 1418; x_wconf 87' lang='lat' dir='ltr'><strong>an</strong></span> <span class='ocrx_word' id='word_1_102' title='bbox 266 1379 309 1419; x_wconf 81' lang='lat' dir='ltr'><strong>ex</strong></span> <span class='ocrx_word' id='word_1_103' title='bbox 324 1364 395 1420; x_wconf 87' lang='lat' dir='ltr'><strong>Deo</strong></span> <span class='ocrx_word' id='word_1_104' title='bbox 412 1365 486 1421; x_wconf 83' lang='lat' dir='ltr'><strong>sint:</strong></span> <span class='ocrx_word' id='word_1_105' title='bbox 511 1365 561 1419; x_wconf 89' lang='lat' dir='ltr'><strong>nbi</strong></span> <span class='ocrx_word' id='word_1_106' title='bbox 579 1365 693 1438; x_wconf 87' lang='lat' dir='ltr'><strong>probati</strong></span> <span class='ocrx_word' id='word_1_107' title='bbox 710 1365 836 1433; x_wconf 70' lang='lat' dir='ltr'><strong>ineunt,</strong></span> <span class='ocrx_word' id='word_1_108' title='bbox 858 1374 922 1420; x_wconf 91' lang='lat' dir='ltr'><strong>tum</strong></span> <span class='ocrx_word' id='word_1_109' title='bbox 945 1380 1018 1420; x_wconf 88' lang='lat' dir='ltr'><strong>mox</strong></span> <span class='ocrx_word' id='word_1_110' title='bbox 1042 1363 1182 1419; x_wconf 80' lang='lat' dir='ltr'><strong>venerari·</strong></span> 
     </span>
     <span class='ocr_line' id='line_1_13' title="bbox 114 1453 1176 1527; baseline -0.004 -15"><span class='ocrx_word' id='word_1_111' title='bbox 114 1467 145 1512; x_wconf 88' lang='lat' dir='ltr'><strong>et</strong></span> <span class='ocrx_word' id='word_1_112' title='bbox 161 1456 298 1511; x_wconf 75' lang='lat' dir='ltr'><strong>osculari</strong></span> <span class='ocrx_word' id='word_1_113' title='bbox 317 1453 351 1509; x_wconf 82' lang='lat' dir='ltr'><strong>ae</strong></span> <span class='ocrx_word' id='word_1_114' title='bbox 366 1456 464 1526; x_wconf 86' lang='lat' dir='ltr'><strong>posito</strong></span> <span class='ocrx_word' id='word_1_115' title='bbox 485 1455 644 1525; x_wconf 77' lang='lat' dir='ltr'><strong>magisterii</strong></span> <span class='ocrx_word' id='word_1_116' title='bbox 669 1456 847 1527; x_wconf 81' lang='lat' dir='ltr'><strong>supercilio,</strong></span> <span class='ocrx_word' id='word_1_117' title='bbox 871 1454 1050 1526; x_wconf 87' lang='lat' dir='ltr'><strong>discipulum</strong></span> <span class='ocrx_word' id='word_1_118' title='bbox 1076 1454 1176 1527; x_wconf 86' lang='lat' dir='ltr'><strong>potius</strong></span> 
     </span>
     <span class='ocr_line' id='line_1_14' title="bbox 114 1542 1178 1617; baseline -0.005 -17"><span class='ocrx_word' id='word_1_119' title='bbox 114 1544 192 1600; x_wconf 81' lang='lat' dir='ltr'><strong>lieri.</strong></span> <span class='ocrx_word' id='word_1_120' title='bbox 226 1542 343 1616; x_wconf 84' lang='lat' dir='ltr'><strong>Neque</strong></span> <span class='ocrx_word' id='word_1_121' title='bbox 361 1543 441 1598; x_wconf 87' lang='lat' dir='ltr'><strong>enim</strong></span> <span class='ocrx_word' id='word_1_122' title='bbox 457 1554 559 1615; x_wconf 87' lang='lat' dir='ltr'><strong>potest</strong></span> <span class='ocrx_word' id='word_1_123' title='bbox 576 1543 656 1614; x_wconf 82' lang='lat' dir='ltr'><strong>fleri,</strong></span> <span class='ocrx_word' id='word_1_124' title='bbox 680 1545 750 1617; x_wconf 89' lang='lat' dir='ltr'><strong>quin</strong></span> <span class='ocrx_word' id='word_1_125' title='bbox 771 1543 823 1598; x_wconf 91' lang='lat' dir='ltr'><strong>ubi</strong></span> <span class='ocrx_word' id='word_1_126' title='bbox 846 1544 972 1615; x_wconf 80' lang='lat' dir='ltr'><strong>Spiritus</strong></span> <span class='ocrx_word' id='word_1_127' title='bbox 991 1543 1115 1598; x_wconf 89' lang='lat' dir='ltr'><strong>Sanctus</strong></span> <span class='ocrx_word' id='word_1_128' title='bbox 1132 1544 1178 1598; x_wconf 90' lang='lat' dir='ltr'><strong>lo.</strong></span> 
     </span>
     <span class='ocr_line' id='line_1_15' title="bbox 117 1631 1183 1706; baseline -0.001 -18"><span class='ocrx_word' id='word_1_129' title='bbox 117 1634 234 1705; x_wconf 89' lang='lat' dir='ltr'><strong>quitur,</strong></span> <span class='ocrx_word' id='word_1_130' title='bbox 261 1634 331 1687; x_wconf 84' lang='lat' dir='ltr'><strong>talia</strong></span> <span class='ocrx_word' id='word_1_131' title='bbox 353 1631 511 1704; x_wconf 86' lang='lat' dir='ltr'><strong>loquatur,</strong></span> <span class='ocrx_word' id='word_1_132' title='bbox 536 1648 613 1706; x_wconf 88' lang='lat' dir='ltr'><strong>quae</strong></span> <span class='ocrx_word' id='word_1_133' title='bbox 636 1644 757 1688; x_wconf 88' lang='lat' dir='ltr'><strong>omnem</strong></span> <span class='ocrx_word' id='word_1_134' title='bbox 782 1631 935 1688; x_wconf 84' lang='lat' dir='ltr'><strong>hominem</strong></span> <span class='ocrx_word' id='word_1_135' title='bbox 959 1631 1128 1687; x_wconf 83' lang='lat' dir='ltr'><strong>venientem</strong></span> <span class='ocrx_word' id='word_1_136' title='bbox 1146 1631 1183 1699; x_wconf 39' lang='lat' dir='ltr'><strong>iu,</strong></span> 
     </span>
     <span class='ocr_line' id='line_1_16' title="bbox 117 1721 1243 1796; baseline -0.005 -17"><span class='ocrx_word' id='word_1_137' title='bbox 117 1724 203 1779; x_wconf 71' lang='lat' dir='ltr'><strong>lanne</strong></span> <span class='ocrx_word' id='word_1_138' title='bbox 217 1723 366 1779; x_wconf 84' lang='lat' dir='ltr'><strong>anundum</strong></span> <span class='ocrx_word' id='word_1_139' title='bbox 382 1723 440 1778; x_wconf 92' lang='lat' dir='ltr'><strong>sibi</strong></span> <span class='ocrx_word' id='word_1_140' title='bbox 457 1723 616 1794; x_wconf 84' lang='lat' dir='ltr'><strong>subjiciant</strong></span> <span class='ocrx_word' id='word_1_141' title='bbox 633 1735 663 1778; x_wconf 92' lang='lat' dir='ltr'><strong>et</strong></span> <span class='ocrx_word' id='word_1_142' title='bbox 679 1721 855 1796; x_wconf 84' lang='lat' dir='ltr'><strong>discipulum</strong></span> <span class='ocrx_word' id='word_1_143' title='bbox 871 1721 997 1789; x_wconf 83' lang='lat' dir='ltr'><strong>faciunt,</strong></span> <span class='ocrx_word' id='word_1_144' title='bbox 1015 1721 1040 1776; x_wconf 90' lang='lat' dir='ltr'><strong>si</strong></span> <span class='ocrx_word' id='word_1_145' title='bbox 1057 1721 1178 1794; x_wconf 85' lang='lat' dir='ltr'><strong>quidem</strong></span> <span class='ocrx_word' id='word_1_146' title='bbox 1241 1768 1243 1773; x_wconf 88' lang='lat'><strong>.</strong></span> 
     </span>
     <span class='ocr_line' id='line_1_17' title="bbox 122 1814 1029 1889; baseline -0.003 -19"><span class='ocrx_word' id='word_1_147' title='bbox 122 1814 281 1887; x_wconf 70' lang='lat' dir='ltr'><strong>sapientiae</strong></span> <span class='ocrx_word' id='word_1_148' title='bbox 298 1814 365 1884; x_wconf 87' lang='lat' dir='ltr'><strong>ejus</strong></span> <span class='ocrx_word' id='word_1_149' title='bbox 383 1830 443 1869; x_wconf 91' lang='lat' dir='ltr'><strong>uon</strong></span> <span class='ocrx_word' id='word_1_150' title='bbox 461 1825 508 1869; x_wconf 86' lang='lat' dir='ltr'><strong>est</strong></span> <span class='ocrx_word' id='word_1_151' title='bbox 523 1814 678 1868; x_wconf 85' lang='lat' dir='ltr'><strong>nurnerus.</strong></span> <span class='ocrx_word' id='word_1_152' title='bbox 1026 1880 1029 1889; x_wconf 31' lang='grc' dir='ltr'>Ι</span> 
     </span>
    </p>

    <p class='ocr_par' dir='ltr' id='par_1_3' title="bbox 116 1900 1248 3869">
     <span class='ocr_line' id='line_1_18' title="bbox 188 1900 1179 1975; baseline -0.003 -16"><span class='ocrx_word' id='word_1_153' title='bbox 188 1902 253 1975; x_wconf 76' lang='lat' dir='ltr'><strong>Ego</strong></span> <span class='ocrx_word' id='word_1_154' title='bbox 268 1920 347 1959; x_wconf 83' lang='lat' dir='ltr'><strong>vero</strong></span> <span class='ocrx_word' id='word_1_155' title='bbox 363 1914 483 1975; x_wconf 84' lang='lat' dir='ltr'><strong>praeter</strong></span> <span class='ocrx_word' id='word_1_156' title='bbox 497 1902 559 1958; x_wconf 89' lang='lat' dir='ltr'><strong>hoc</strong></span> <span class='ocrx_word' id='word_1_157' title='bbox 576 1903 714 1973; x_wconf 86' lang='lat' dir='ltr'><strong>generale</strong></span> <span class='ocrx_word' id='word_1_158' title='bbox 731 1901 900 1957; x_wconf 84' lang='lat' dir='ltr'><strong>encomium</strong></span> <span class='ocrx_word' id='word_1_159' title='bbox 912 1901 1053 1974; x_wconf 87' lang='lat' dir='ltr'><strong>Spiritus,</strong></span> <span class='ocrx_word' id='word_1_160' title='bbox 1072 1900 1108 1954; x_wconf 89' lang='lat' dir='ltr'><strong>de</strong></span> <span class='ocrx_word' id='word_1_161' title='bbox 1119 1900 1179 1956; x_wconf 87' lang='lat' dir='ltr'><strong>tuis</strong></span> 
     </span>
     <span class='ocr_line' id='line_1_19' title="bbox 120 1989 1177 2066; baseline -0.002 -18"><span class='ocrx_word' id='word_1_162' title='bbox 120 1993 239 2066; x_wconf 80' lang='lat' dir='ltr'><strong>scriptis</strong></span> <span class='ocrx_word' id='word_1_163' title='bbox 255 1993 302 2048; x_wconf 85' lang='lat' dir='ltr'><strong>tic</strong></span> <span class='ocrx_word' id='word_1_164' title='bbox 319 1994 435 2061; x_wconf 86' lang='lat' dir='ltr'><strong>sentio,</strong></span> <span class='ocrx_word' id='word_1_165' title='bbox 452 2004 486 2048; x_wconf 87' lang='lat' dir='ltr'><strong>ut</strong></span> <span class='ocrx_word' id='word_1_166' title='bbox 501 1991 573 2047; x_wconf 89' lang='lat' dir='ltr'><strong>mihi</strong></span> <span class='ocrx_word' id='word_1_167' title='bbox 591 1991 784 2047; x_wconf 86' lang='lat' dir='ltr'><strong>vehementer</strong></span> <span class='ocrx_word' id='word_1_168' title='bbox 800 1990 940 2047; x_wconf 81' lang='lat' dir='ltr'><strong>sordeant</strong></span> <span class='ocrx_word' id='word_1_169' title='bbox 957 2007 1039 2057; x_wconf 88' lang='lat' dir='ltr'><strong>mea,</strong></span> <span class='ocrx_word' id='word_1_170' title='bbox 1057 1989 1106 2044; x_wconf 89' lang='lat' dir='ltr'><strong>nbi</strong></span> <span class='ocrx_word' id='word_1_171' title='bbox 1119 1992 1177 2047; x_wconf 84' lang='lat' dir='ltr'><strong>tuis</strong></span> 
     </span>
     <span class='ocr_line' id='line_1_20' title="bbox 118 2073 1178 2157; baseline -0.002 -18"><span class='ocrx_word' id='word_1_172' title='bbox 118 2084 223 2157; x_wconf 88' lang='lat' dir='ltr'><strong>tuique</strong></span> <span class='ocrx_word' id='word_1_173' title='bbox 234 2073 504 2154; x_wconf 76' lang='lat' dir='ltr'><strong>similitnnseriptis</strong></span> <span class='ocrx_word' id='word_1_174' title='bbox 516 2094 735 2154; x_wconf 84' lang='lat' dir='ltr'><strong>comparantur.</strong></span> <span class='ocrx_word' id='word_1_175' title='bbox 761 2081 833 2137; x_wconf 91' lang='lat' dir='ltr'><strong>Non</strong></span> <span class='ocrx_word' id='word_1_176' title='bbox 842 2081 962 2151; x_wconf 86' lang='lat' dir='ltr'><strong>adulor,</strong></span> <span class='ocrx_word' id='word_1_177' title='bbox 980 2081 1178 2154; x_wconf 84' lang='lat' dir='ltr'><strong>nequefiugo,</strong></span> 
     </span>
     <span class='ocr_line' id='line_1_21' title="bbox 119 2171 1179 2246; baseline -0.001 -16"><span class='ocrx_word' id='word_1_178' title='bbox 119 2175 176 2230; x_wconf 84' lang='lat' dir='ltr'><strong>aed</strong></span> <span class='ocrx_word' id='word_1_179' title='bbox 197 2189 299 2246; x_wconf 84' lang='lat' dir='ltr'><strong>neque</strong></span> <span class='ocrx_word' id='word_1_180' title='bbox 322 2174 394 2228; x_wconf 89' lang='lat' dir='ltr'><strong>ludo</strong></span> <span class='ocrx_word' id='word_1_181' title='bbox 417 2190 515 2245; x_wconf 88' lang='lat' dir='ltr'><strong>neque</strong></span> <span class='ocrx_word' id='word_1_182' title='bbox 539 2173 634 2229; x_wconf 85' lang='lat' dir='ltr'><strong>fallor.</strong></span> <span class='ocrx_word' id='word_1_183' title='bbox 668 2172 741 2227; x_wconf 86' lang='lat' dir='ltr'><strong>Non</strong></span> <span class='ocrx_word' id='word_1_184' title='bbox 763 2171 937 2241; x_wconf 83' lang='lat' dir='ltr'><strong>Bromium,</strong></span> <span class='ocrx_word' id='word_1_185' title='bbox 964 2174 1016 2228; x_wconf 83' lang='lat' dir='ltr'><strong>sed</strong></span> <span class='ocrx_word' id='word_1_186' title='bbox 1039 2173 1179 2245; x_wconf 87' lang='lat' dir='ltr'><strong>Spiritum</strong></span> 
     </span>
     <span class='ocr_line' id='line_1_22' title="bbox 119 2261 1179 2338; baseline -0.001 -19"><span class='ocrx_word' id='word_1_187' title='bbox 119 2264 286 2338; x_wconf 87' lang='lat' dir='ltr'><strong>praedico,</strong></span> <span class='ocrx_word' id='word_1_188' title='bbox 304 2263 355 2335; x_wconf 84' lang='lat' dir='ltr'><strong>qui</strong></span> <span class='ocrx_word' id='word_1_189' title='bbox 373 2261 403 2318; x_wconf 94' lang='lat' dir='ltr'><strong>in</strong></span> <span class='ocrx_word' id='word_1_190' title='bbox 421 2273 451 2317; x_wconf 87' lang='lat' dir='ltr'><strong>te</strong></span> <span class='ocrx_word' id='word_1_191' title='bbox 468 2262 606 2328; x_wconf 83' lang='lat' dir='ltr'><strong>suavior,</strong></span> <span class='ocrx_word' id='word_1_192' title='bbox 621 2261 764 2332; x_wconf 85' lang='lat' dir='ltr'><strong>placidior</strong></span> <span class='ocrx_word' id='word_1_193' title='bbox 781 2270 810 2317; x_wconf 86' lang='lat' dir='ltr'><strong>et</strong></span> <span class='ocrx_word' id='word_1_194' title='bbox 827 2263 957 2334; x_wconf 84' lang='lat' dir='ltr'><strong>quietior</strong></span> <span class='ocrx_word' id='word_1_195' title='bbox 971 2271 1026 2318; x_wconf 85' lang='lat' dir='ltr'><strong>est.</strong></span> <span class='ocrx_word' id='word_1_196' title='bbox 1059 2263 1179 2318; x_wconf 85' lang='lat' dir='ltr'><strong>Deinde</strong></span> 
     </span>
     <span class='ocr_line' id='line_1_23' title="bbox 118 2352 1180 2424; baseline -0.001 -13"><span class='ocrx_word' id='word_1_197' title='bbox 118 2370 225 2412; x_wconf 82' lang='lat' dir='ltr'><strong>sermo</strong></span> <span class='ocrx_word' id='word_1_198' title='bbox 243 2352 361 2408; x_wconf 88' lang='lat' dir='ltr'><strong>dicendi</strong></span> <span class='ocrx_word' id='word_1_199' title='bbox 378 2353 490 2408; x_wconf 76' lang='lat' dir='ltr'><strong>ortibus</strong></span> <span class='ocrx_word' id='word_1_200' title='bbox 514 2353 677 2408; x_wconf 86' lang='lat' dir='ltr'><strong>instructus</strong></span> <span class='ocrx_word' id='word_1_201' title='bbox 701 2352 822 2424; x_wconf 86' lang='lat' dir='ltr'><strong>purius,</strong></span> <span class='ocrx_word' id='word_1_202' title='bbox 846 2353 1038 2422; x_wconf 82' lang='lat' dir='ltr'><strong>luculentius,</strong></span> <span class='ocrx_word' id='word_1_203' title='bbox 1061 2354 1180 2410; x_wconf 84' lang='lat' dir='ltr'><strong>nitidius</strong></span> 
     </span>
     <span class='ocr_line' id='line_1_24' title="bbox 116 2441 1181 2516; baseline -0.004 -15"><span class='ocrx_word' id='word_1_204' title='bbox 116 2446 181 2500; x_wconf 83' lang='lat' dir='ltr'><strong>tuit</strong></span> <span class='ocrx_word' id='word_1_205' title='bbox 191 2486 202 2514; x_wconf 93' lang='lat'><strong>,</strong></span> <span class='ocrx_word' id='word_1_206' title='bbox 226 2445 324 2516; x_wconf 85' lang='lat' dir='ltr'><strong>itaque</strong></span> <span class='ocrx_word' id='word_1_207' title='bbox 342 2441 435 2513; x_wconf 83' lang='lat' dir='ltr'><strong>magis</strong></span> <span class='ocrx_word' id='word_1_208' title='bbox 452 2442 540 2498; x_wconf 85' lang='lat' dir='ltr'><strong>afficit</strong></span> <span class='ocrx_word' id='word_1_209' title='bbox 557 2452 587 2496; x_wconf 87' lang='lat' dir='ltr'><strong>et</strong></span> <span class='ocrx_word' id='word_1_210' title='bbox 604 2443 741 2498; x_wconf 86' lang='lat' dir='ltr'><strong>delectat.</strong></span> <span class='ocrx_word' id='word_1_211' title='bbox 775 2443 868 2497; x_wconf 82' lang='lat' dir='ltr'><strong>Meus</strong></span> <span class='ocrx_word' id='word_1_212' title='bbox 885 2460 959 2497; x_wconf 89' lang='lat' dir='ltr'><strong>vero</strong></span> <span class='ocrx_word' id='word_1_213' title='bbox 977 2455 1181 2515; x_wconf 75' lang='lat' dir='ltr'><strong>praeterquam</strong></span> 
     </span>
     <span class='ocr_line' id='line_1_25' title="bbox 118 2531 1183 2609; baseline -0.003 -19"><span class='ocrx_word' id='word_1_214' title='bbox 118 2537 203 2609; x_wconf 90' lang='lat' dir='ltr'><strong>quod</strong></span> <span class='ocrx_word' id='word_1_215' title='bbox 221 2535 333 2590; x_wconf 84' lang='lat' dir='ltr'><strong>artibus</strong></span> <span class='ocrx_word' id='word_1_216' title='bbox 352 2533 469 2589; x_wconf 84' lang='lat' dir='ltr'><strong>dicendi</strong></span> <span class='ocrx_word' id='word_1_217' title='bbox 490 2533 643 2605; x_wconf 87' lang='lat' dir='ltr'><strong>imperitus</strong></span> <span class='ocrx_word' id='word_1_218' title='bbox 660 2542 690 2586; x_wconf 82' lang='lat' dir='ltr'><strong>et</strong></span> <span class='ocrx_word' id='word_1_219' title='bbox 708 2531 853 2600; x_wconf 86' lang='lat' dir='ltr'><strong>incultus,</strong></span> <span class='ocrx_word' id='word_1_220' title='bbox 872 2534 944 2588; x_wconf 82' lang='lat' dir='ltr'><strong>nihil</strong></span> <span class='ocrx_word' id='word_1_221' title='bbox 960 2535 1017 2587; x_wconf 81' lang='lat' dir='ltr'><strong>nisi</strong></span> <span class='ocrx_word' id='word_1_222' title='bbox 1030 2533 1143 2602; x_wconf 81' lang='lat' dir='ltr'><strong>sylvam</strong></span> <span class='ocrx_word' id='word_1_223' title='bbox 1155 2543 1183 2587; x_wconf 88' lang='lat' dir='ltr'><strong>et</strong></span> 
     </span>
     <span class='ocr_line' id='line_1_26' title="bbox 119 2623 1182 2692; baseline -0.005 -12"><span class='ocrx_word' id='word_1_224' title='bbox 119 2627 217 2684; x_wconf 85' lang='lat' dir='ltr'><strong>chaos</strong></span> <span class='ocrx_word' id='word_1_225' title='bbox 234 2625 399 2681; x_wconf 90' lang='lat' dir='ltr'><strong>verborum</strong></span> <span class='ocrx_word' id='word_1_226' title='bbox 416 2623 545 2689; x_wconf 85' lang='lat' dir='ltr'><strong>evomit,</strong></span> <span class='ocrx_word' id='word_1_227' title='bbox 569 2634 631 2678; x_wconf 88' lang='lat' dir='ltr'><strong>tum</strong></span> <span class='ocrx_word' id='word_1_228' title='bbox 649 2623 735 2678; x_wconf 89' lang='lat' dir='ltr'><strong>etiam</strong></span> <span class='ocrx_word' id='word_1_229' title='bbox 753 2640 790 2676; x_wconf 90' lang='lat' dir='ltr'><strong>eo</strong></span> <span class='ocrx_word' id='word_1_230' title='bbox 808 2624 869 2677; x_wconf 82' lang='lat' dir='ltr'><strong>lato</strong></span> <span class='ocrx_word' id='word_1_231' title='bbox 890 2623 1000 2692; x_wconf 87' lang='lat' dir='ltr'><strong>agitur,</strong></span> <span class='ocrx_word' id='word_1_232' title='bbox 1027 2634 1058 2676; x_wconf 92' lang='lat' dir='ltr'><strong>nt</strong></span> <span class='ocrx_word' id='word_1_233' title='bbox 1081 2623 1182 2677; x_wconf 87' lang='lat' dir='ltr'><strong>turbu.-</strong></span> 
     </span>
     <span class='ocr_line' id='line_1_27' title="bbox 118 2713 1183 2789; baseline -0.004 -20"><span class='ocrx_word' id='word_1_234' title='bbox 118 2718 220 2772; x_wconf 84' lang='lat' dir='ltr'><strong>lentus</strong></span> <span class='ocrx_word' id='word_1_235' title='bbox 239 2726 270 2770; x_wconf 88' lang='lat' dir='ltr'><strong>et</strong></span> <span class='ocrx_word' id='word_1_236' title='bbox 286 2716 471 2789; x_wconf 86' lang='lat' dir='ltr'><strong>impetuosus</strong></span> <span class='ocrx_word' id='word_1_237' title='bbox 488 2715 569 2770; x_wconf 79' lang='lat' dir='ltr'><strong>velut</strong></span> <span class='ocrx_word' id='word_1_238' title='bbox 587 2716 715 2769; x_wconf 90' lang='lat' dir='ltr'><strong>luctator</strong></span> <span class='ocrx_word' id='word_1_239' title='bbox 730 2730 799 2768; x_wconf 89' lang='lat' dir='ltr'><strong>cum</strong></span> <span class='ocrx_word' id='word_1_240' title='bbox 814 2713 957 2768; x_wconf 83' lang='lat' dir='ltr'><strong>monstris</strong></span> <span class='ocrx_word' id='word_1_241' title='bbox 971 2713 1088 2767; x_wconf 85' lang='lat' dir='ltr'><strong>infinitis</strong></span> <span class='ocrx_word' id='word_1_242' title='bbox 1102 2720 1183 2768; x_wconf 62' lang='lat' dir='ltr'><strong>seina¹</strong></span> 
     </span>
     <span class='ocr_line' id='line_1_28' title="bbox 119 2803 1180 2878; baseline -0.005 -16"><span class='ocrx_word' id='word_1_243' title='bbox 119 2826 176 2878; x_wconf 89' lang='lat' dir='ltr'><strong>per</strong></span> <span class='ocrx_word' id='word_1_244' title='bbox 192 2807 336 2875; x_wconf 80' lang='lat' dir='ltr'><strong>congredi</strong></span> <span class='ocrx_word' id='word_1_245' title='bbox 354 2817 487 2873; x_wconf 85' lang='lat' dir='ltr'><strong>cogatur.</strong></span> <span class='ocrx_word' id='word_1_246' title='bbox 522 2806 623 2874; x_wconf 88' lang='lat' dir='ltr'><strong>ltaque</strong></span> <span class='ocrx_word' id='word_1_247' title='bbox 641 2805 666 2858; x_wconf 92' lang='lat' dir='ltr'><strong>si</strong></span> <span class='ocrx_word' id='word_1_248' title='bbox 684 2804 752 2857; x_wconf 89' lang='lat' dir='ltr'><strong>licet</strong></span> <span class='ocrx_word' id='word_1_249' title='bbox 762 2803 859 2874; x_wconf 86' lang='lat' dir='ltr'><strong>parvis</strong></span> <span class='ocrx_word' id='word_1_250' title='bbox 872 2820 1053 2875; x_wconf 85' lang='lat' dir='ltr'><strong>componere</strong></span> <span class='ocrx_word' id='word_1_251' title='bbox 1064 2820 1180 2873; x_wconf 83' lang='lat' dir='ltr'><strong>magna,</strong></span> 
     </span>
     <span class='ocr_line' id='line_1_29' title="bbox 124 2889 1181 2968; baseline -0.001 -18"><span class='ocrx_word' id='word_1_252' title='bbox 124 2897 199 2951; x_wconf 89' lang='lat' dir='ltr'><strong>mihi</strong></span> <span class='ocrx_word' id='word_1_253' title='bbox 217 2897 254 2951; x_wconf 88' lang='lat' dir='ltr'><strong>de</strong></span> <span class='ocrx_word' id='word_1_254' title='bbox 271 2896 455 2968; x_wconf 82' lang='lat' dir='ltr'><strong>quadruplici</strong></span> <span class='ocrx_word' id='word_1_255' title='bbox 473 2893 580 2966; x_wconf 86' lang='lat' dir='ltr'><strong>Spiritu</strong></span> <span class='ocrx_word' id='word_1_256' title='bbox 596 2894 679 2951; x_wconf 85' lang='lat' dir='ltr'><strong>Elias</strong></span> <span class='ocrx_word' id='word_1_257' title='bbox 697 2889 722 2948; x_wconf 83' lang='lat' dir='ltr'><strong>l.</strong></span> <span class='ocrx_word' id='word_1_258' title='bbox 745 2893 819 2962; x_wconf 86' lang='lat' dir='ltr'><strong>Reg.</strong></span> <span class='ocrx_word' id='word_1_259' title='bbox 837 2897 878 2952; x_wconf 79' lang='lat'><strong>19.</strong></span> <span class='ocrx_word' id='word_1_260' title='bbox 898 2904 1003 2948; x_wconf 84' lang='lat' dir='ltr'><strong>ventus</strong></span> <span class='ocrx_word' id='word_1_261' title='bbox 1028 2906 1126 2949; x_wconf 86' lang='lat' dir='ltr'><strong>motus</strong></span> <span class='ocrx_word' id='word_1_262' title='bbox 1151 2907 1181 2950; x_wconf 87' lang='lat' dir='ltr'><strong>ct</strong></span> 
     </span>
     <span class='ocr_line' id='line_1_30' title="bbox 123 2980 1180 3056; baseline -0.001 -17"><span class='ocrx_word' id='word_1_263' title='bbox 123 2987 217 3056; x_wconf 88' lang='lat' dir='ltr'><strong>ignis,</strong></span> <span class='ocrx_word' id='word_1_264' title='bbox 244 2985 295 3055; x_wconf 90' lang='lat' dir='ltr'><strong>qui</strong></span> <span class='ocrx_word' id='word_1_265' title='bbox 313 2996 431 3039; x_wconf 85' lang='lat' dir='ltr'><strong>montes</strong></span> <span class='ocrx_word' id='word_1_266' title='bbox 449 2984 611 3048; x_wconf 82' lang='lat' dir='ltr'><strong>subvertit,</strong></span> <span class='ocrx_word' id='word_1_267' title='bbox 637 2993 666 3037; x_wconf 87' lang='lat' dir='ltr'><strong>et</strong></span> <span class='ocrx_word' id='word_1_268' title='bbox 684 2992 781 3052; x_wconf 84' lang='lat' dir='ltr'><strong>petras</strong></span> <span class='ocrx_word' id='word_1_269' title='bbox 800 2983 943 3050; x_wconf 88' lang='lat' dir='ltr'><strong>conterit,</strong></span> <span class='ocrx_word' id='word_1_270' title='bbox 962 2980 986 3046; x_wconf 78' lang='grc'><strong>1)</strong></span> <span class='ocrx_word' id='word_1_271' title='bbox 1013 2981 1065 3036; x_wconf 81' lang='lat' dir='ltr'><strong>tilii</strong></span> <span class='ocrx_word' id='word_1_272' title='bbox 1081 2992 1180 3037; x_wconf 85' lang='lat' dir='ltr'><strong>atttem</strong></span> 
     </span>
     <span class='ocr_line' id='line_1_31' title="bbox 120 3072 1206 3144; baseline -0.004 -15"><span class='ocrx_word' id='word_1_273' title='bbox 120 3090 151 3132; x_wconf 86' lang='lat' dir='ltr'><strong>et</strong></span> <span class='ocrx_word' id='word_1_274' title='bbox 169 3076 212 3131; x_wconf 91' lang='lat' dir='ltr'><strong>tui</strong></span> <span class='ocrx_word' id='word_1_275' title='bbox 232 3075 379 3130; x_wconf 82' lang='lat' dir='ltr'><strong>similibus</strong></span> <span class='ocrx_word' id='word_1_276' title='bbox 398 3074 501 3128; x_wconf 83' lang='lat' dir='ltr'><strong>sibilus</strong></span> <span class='ocrx_word' id='word_1_277' title='bbox 520 3073 568 3127; x_wconf 91' lang='lat' dir='ltr'><strong>ille</strong></span> <span class='ocrx_word' id='word_1_278' title='bbox 586 3072 709 3127; x_wconf 86' lang='lat' dir='ltr'><strong>blandus</strong></span> <span class='ocrx_word' id='word_1_279' title='bbox 723 3088 810 3126; x_wconf 85' lang='lat' dir='ltr'><strong>aurae</strong></span> <span class='ocrx_word' id='word_1_280' title='bbox 822 3072 935 3138; x_wconf 84' lang='lat' dir='ltr'><strong>tenuis,</strong></span> <span class='ocrx_word' id='word_1_281' title='bbox 954 3074 1003 3144; x_wconf 87' lang='lat' dir='ltr'><strong>qui</strong></span> <span class='ocrx_word' id='word_1_282' title='bbox 1016 3073 1178 3142; x_wconf 72' lang='lat' dir='ltr'><strong>refrigerat-3</strong></span> <span class='ocrx_word' id='word_1_283' title='bbox 1192 3100 1206 3108; x_wconf 91' lang='lat'><strong>··</strong></span> 
     </span>
     <span class='ocr_line' id='line_1_32' title="bbox 120 3163 1182 3235; baseline -0.004 -12"><span class='ocrx_word' id='word_1_284' title='bbox 120 3167 265 3235; x_wconf 84' lang='lat' dir='ltr'><strong>contigit:</strong></span> <span class='ocrx_word' id='word_1_285' title='bbox 290 3166 329 3230; x_wconf 81' lang='lat' dir='ltr'><strong>ita</strong></span> <span class='ocrx_word' id='word_1_286' title='bbox 347 3164 394 3231; x_wconf 90' lang='lat' dir='ltr'><strong>lit,</strong></span> <span class='ocrx_word' id='word_1_287' title='bbox 417 3174 451 3218; x_wconf 90' lang='lat' dir='ltr'><strong>ut</strong></span> <span class='ocrx_word' id='word_1_288' title='bbox 469 3165 554 3220; x_wconf 88' lang='lat' dir='ltr'><strong>etiam</strong></span> <span class='ocrx_word' id='word_1_289' title='bbox 571 3164 643 3218; x_wconf 86' lang='lat' dir='ltr'><strong>milri</strong></span> <span class='ocrx_word' id='word_1_290' title='bbox 662 3163 736 3234; x_wconf 77' lang='lat' dir='ltr'><strong>ipsi,</strong></span> <span class='ocrx_word' id='word_1_291' title='bbox 762 3163 871 3217; x_wconf 86' lang='lat' dir='ltr'><strong>nedum</strong></span> <span class='ocrx_word' id='word_1_292' title='bbox 895 3164 957 3218; x_wconf 90' lang='lat' dir='ltr'><strong>aliis</strong></span> <span class='ocrx_word' id='word_1_293' title='bbox 978 3164 1105 3232; x_wconf 75' lang='lat' dir='ltr'><strong>gratiora</strong></span> <span class='ocrx_word' id='word_1_294' title='bbox 1123 3165 1182 3220; x_wconf 84' lang='lat' dir='ltr'><strong>siut</strong></span> 
     </span>
     <span class='ocr_line' id='line_1_33' title="bbox 120 3253 1179 3328; baseline -0.005 -13"><span class='ocrx_word' id='word_1_295' title='bbox 120 3259 236 3328; x_wconf 87' lang='lat' dir='ltr'><strong>scripta</strong></span> <span class='ocrx_word' id='word_1_296' title='bbox 253 3265 283 3311; x_wconf 87' lang='lat' dir='ltr'><strong>et</strong></span> <span class='ocrx_word' id='word_1_297' title='bbox 299 3255 390 3310; x_wconf 90' lang='lat' dir='ltr'><strong>verba</strong></span> <span class='ocrx_word' id='word_1_298' title='bbox 409 3266 517 3309; x_wconf 88' lang='lat' dir='ltr'><strong>vestra.</strong></span> <span class='ocrx_word' id='word_1_299' title='bbox 552 3253 642 3308; x_wconf 88' lang='lat' dir='ltr'><strong>Solor</strong></span> <span class='ocrx_word' id='word_1_300' title='bbox 656 3265 754 3308; x_wconf 88' lang='lat' dir='ltr'><strong>tamen</strong></span> <span class='ocrx_word' id='word_1_301' title='bbox 776 3270 825 3307; x_wconf 89' lang='lat' dir='ltr'><strong>me</strong></span> <span class='ocrx_word' id='word_1_302' title='bbox 842 3254 958 3325; x_wconf 89' lang='lat' dir='ltr'><strong>ipsum,</strong></span> <span class='ocrx_word' id='word_1_303' title='bbox 982 3255 1064 3326; x_wconf 87' lang='lat' dir='ltr'><strong>quod</strong></span> <span class='ocrx_word' id='word_1_304' title='bbox 1081 3254 1179 3310; x_wconf 67' lang='lat' dir='ltr'><strong>existi.</strong></span> 
     </span>
     <span class='ocr_line' id='line_1_34' title="bbox 120 3343 1178 3417; baseline -0.007 -13"><span class='ocrx_word' id='word_1_305' title='bbox 120 3365 221 3416; x_wconf 87' lang='lat' dir='ltr'><strong>mem,</strong></span> <span class='ocrx_word' id='word_1_306' title='bbox 246 3347 308 3401; x_wconf 88' lang='lat' dir='ltr'><strong>imo</strong></span> <span class='ocrx_word' id='word_1_307' title='bbox 325 3346 434 3410; x_wconf 90' lang='lat' dir='ltr'><strong>sciam,</strong></span> <span class='ocrx_word' id='word_1_308' title='bbox 458 3343 579 3399; x_wconf 85' lang='lat' dir='ltr'><strong>Patrem</strong></span> <span class='ocrx_word' id='word_1_309' title='bbox 597 3344 679 3397; x_wconf 89' lang='lat' dir='ltr'><strong>illum</strong></span> <span class='ocrx_word' id='word_1_310' title='bbox 697 3343 819 3396; x_wconf 79' lang='lat' dir='ltr'><strong>familias</strong></span> <span class='ocrx_word' id='word_1_311' title='bbox 839 3343 1018 3411; x_wconf 86' lang='lat' dir='ltr'><strong>coelestem,</strong></span> <span class='ocrx_word' id='word_1_312' title='bbox 1044 3362 1097 3417; x_wconf 85' lang='lat' dir='ltr'><strong>pro</strong></span> <span class='ocrx_word' id='word_1_313' title='bbox 1117 3361 1178 3400; x_wconf 89' lang='lat' dir='ltr'><strong>ma.</strong></span> 
     </span>
     <span class='ocr_line' id='line_1_35' title="bbox 121 3431 1176 3507; baseline -0.002 -15"><span class='ocrx_word' id='word_1_314' title='bbox 121 3436 277 3507; x_wconf 80' lang='lat' dir='ltr'><strong>gnitudine</strong></span> <span class='ocrx_word' id='word_1_315' title='bbox 295 3451 366 3490; x_wconf 85' lang='lat' dir='ltr'><strong>suae</strong></span> <span class='ocrx_word' id='word_1_316' title='bbox 383 3434 509 3502; x_wconf 79' lang='lat' dir='ltr'><strong>domus²</strong></span> <span class='ocrx_word' id='word_1_317' title='bbox 527 3433 613 3487; x_wconf 81' lang='lat' dir='ltr'><strong>etiarn</strong></span> <span class='ocrx_word' id='word_1_318' title='bbox 633 3448 710 3501; x_wconf 88' lang='lat' dir='ltr'><strong>opus</strong></span> <span class='ocrx_word' id='word_1_319' title='bbox 728 3431 838 3486; x_wconf 71' lang='lat' dir='ltr'><strong>holere</strong></span> <span class='ocrx_word' id='word_1_320' title='bbox 856 3449 920 3488; x_wconf 88' lang='lat' dir='ltr'><strong>uno</strong></span> <span class='ocrx_word' id='word_1_321' title='bbox 934 3443 963 3488; x_wconf 87' lang='lat' dir='ltr'><strong>et</strong></span> <span class='ocrx_word' id='word_1_322' title='bbox 981 3435 1071 3488; x_wconf 81' lang='lat' dir='ltr'><strong>altero</strong></span> <span class='ocrx_word' id='word_1_323' title='bbox 1088 3446 1176 3490; x_wconf 85' lang='lat' dir='ltr'><strong>servu¹</strong></span> 
     </span>
     <span class='ocr_line' id='line_1_36' title="bbox 121 3522 1177 3592; baseline -0.003 -11"><span class='ocrx_word' id='word_1_324' title='bbox 121 3528 201 3581; x_wconf 86' lang='lat' dir='ltr'><strong>‹luro</strong></span> <span class='ocrx_word' id='word_1_325' title='bbox 217 3534 323 3579; x_wconf 88' lang='lat' dir='ltr'><strong>contra</strong></span> <span class='ocrx_word' id='word_1_326' title='bbox 340 3525 448 3591; x_wconf 87' lang='lat' dir='ltr'><strong>duros,</strong></span> <span class='ocrx_word' id='word_1_327' title='bbox 466 3535 494 3576; x_wconf 92' lang='lat' dir='ltr'><strong>et</strong></span> <span class='ocrx_word' id='word_1_328' title='bbox 511 3538 619 3590; x_wconf 86' lang='lat' dir='ltr'><strong>aspero</strong></span> <span class='ocrx_word' id='word_1_329' title='bbox 636 3531 741 3576; x_wconf 90' lang='lat' dir='ltr'><strong>contra</strong></span> <span class='ocrx_word' id='word_1_330' title='bbox 758 3538 898 3592; x_wconf 75' lang='lat' dir='ltr'><strong>asperos,</strong></span> <span class='ocrx_word' id='word_1_331' title='bbox 921 3522 1011 3576; x_wconf 87' lang='lat' dir='ltr'><strong>veluti</strong></span> <span class='ocrx_word' id='word_1_332' title='bbox 1030 3524 1106 3578; x_wconf 85' lang='lat' dir='ltr'><strong>malo</strong></span> <span class='ocrx_word' id='word_1_333' title='bbox 1125 3540 1177 3582; x_wconf 86' lang='lat' dir='ltr'><strong>cu.</strong></span> 
     </span>
     <span class='ocr_line' id='line_1_37' title="bbox 121 3611 1177 3681; baseline -0.002 -10"><span class='ocrx_word' id='word_1_334' title='bbox 121 3634 181 3671; x_wconf 90' lang='lat' dir='ltr'><strong>neo</strong></span> <span class='ocrx_word' id='word_1_335' title='bbox 207 3616 237 3670; x_wconf 91' lang='lat' dir='ltr'><strong>iu</strong></span> <span class='ocrx_word' id='word_1_336' title='bbox 264 3615 357 3668; x_wconf 81' lang='lat' dir='ltr'><strong>malos</strong></span> <span class='ocrx_word' id='word_1_337' title='bbox 381 3612 489 3669; x_wconf 78' lang='lat' dir='ltr'><strong>nodos.</strong></span> <span class='ocrx_word' id='word_1_338' title='bbox 522 3611 563 3666; x_wconf 92' lang='lat' dir='ltr'><strong>Et</strong></span> <span class='ocrx_word' id='word_1_339' title='bbox 586 3611 697 3665; x_wconf 84' lang='lat' dir='ltr'><strong>tonanti</strong></span> <span class='ocrx_word' id='word_1_340' title='bbox 719 3611 786 3664; x_wconf 86' lang='lat' dir='ltr'><strong>Deo</strong></span> <span class='ocrx_word' id='word_1_341' title='bbox 811 3626 887 3681; x_wconf 88' lang='lat' dir='ltr'><strong>opus</strong></span> <span class='ocrx_word' id='word_1_342' title='bbox 910 3621 1039 3667; x_wconf 86' lang='lat' dir='ltr'><strong>estnon</strong></span> <span class='ocrx_word' id='word_1_343' title='bbox 1064 3618 1177 3669; x_wconf 84' lang='lat' dir='ltr'><strong>tunium</strong></span> 
     </span>
     <span class='ocr_line' id='line_1_38' title="bbox 121 3700 1248 3778; baseline 0 -22"><span class='ocrx_word' id='word_1_344' title='bbox 121 3706 221 3778; x_wconf 82' lang='lat' dir='ltr'><strong>pluvia</strong></span> <span class='ocrx_word' id='word_1_345' title='bbox 239 3702 392 3773; x_wconf 85' lang='lat' dir='ltr'><strong>irrigante,</strong></span> <span class='ocrx_word' id='word_1_346' title='bbox 408 3702 461 3755; x_wconf 81' lang='lat' dir='ltr'><strong>sed</strong></span> <span class='ocrx_word' id='word_1_347' title='bbox 478 3701 565 3754; x_wconf 79' lang='lat' dir='ltr'><strong>etism</strong></span> <span class='ocrx_word' id='word_1_348' title='bbox 582 3701 691 3754; x_wconf 87' lang='lat' dir='ltr'><strong>tonitru</strong></span> <span class='ocrx_word' id='word_1_349' title='bbox 709 3700 898 3754; x_wconf 80' lang='lat' dir='ltr'><strong>concutiente</strong></span> <span class='ocrx_word' id='word_1_350' title='bbox 914 3715 944 3753; x_wconf 88' lang='lat' dir='ltr'><strong>et</strong></span> <span class='ocrx_word' id='word_1_351' title='bbox 960 3701 1073 3771; x_wconf 80' lang='lat' dir='ltr'><strong>fulgure</strong></span> <span class='ocrx_word' id='word_1_352' title='bbox 1091 3715 1176 3757; x_wconf 78' lang='lat' dir='ltr'><strong>auras</strong></span> <span class='ocrx_word' id='word_1_353' title='bbox 1244 3718 1248 3725; x_wconf 85' lang='grc'><em>·</em></span> 
     </span>
     <span class='ocr_line' id='line_1_39' title="bbox 121 3789 989 3869; baseline -0.003 -20"><span class='ocrx_word' id='word_1_354' title='bbox 121 3806 281 3869; x_wconf 83' lang='lat' dir='ltr'><strong>purgante,</strong></span> <span class='ocrx_word' id='word_1_355' title='bbox 300 3807 360 3863; x_wconf 90' lang='lat' dir='ltr'><strong>quo</strong></span> <span class='ocrx_word' id='word_1_356' title='bbox 378 3790 493 3846; x_wconf 74' lang='lat' dir='ltr'><strong>felicius</strong></span> <span class='ocrx_word' id='word_1_357' title='bbox 511 3799 541 3844; x_wconf 87' lang='lat' dir='ltr'><strong>et</strong></span> <span class='ocrx_word' id='word_1_358' title='bbox 552 3790 709 3861; x_wconf 80' lang='lat' dir='ltr'><strong>copiosius</strong></span> <span class='ocrx_word' id='word_1_359' title='bbox 727 3800 804 3844; x_wconf 82' lang='lat' dir='ltr'><strong>terra</strong></span> <span class='ocrx_word' id='word_1_360' title='bbox 821 3789 989 3848; x_wconf 86' lang='lat' dir='ltr'><strong>fructificet.</strong></span> 
     </span>
    </p>
   </div>
   <div class='ocr_carea' id='block_1_2' title="bbox 172 3983 651 4044">
    <p class='ocr_par' dir='ltr' id='par_1_4' title="bbox 172 3983 651 4044">
     <span class='ocr_line' id='line_1_40' title="bbox 172 3983 651 4044; baseline -0.017 -6"><span class='ocrx_word' id='word_1_361' title='bbox 172 3996 193 4044; x_wconf 75' lang='lat' dir='ltr'><strong>tt</strong></span> <span class='ocrx_word' id='word_1_362' title='bbox 213 3988 305 4036; x_wconf 84' lang='lat' dir='ltr'><strong>liudd.</strong></span> <span class='ocrx_word' id='word_1_363' title='bbox 319 3985 400 4034; x_wconf 86' lang='lat' dir='ltr'><strong>coel.</strong></span> <span class='ocrx_word' id='word_1_364' title='bbox 415 3995 506 4043; x_wconf 85' lang='lat' dir='ltr'><strong>poenas</strong></span> <span class='ocrx_word' id='word_1_365' title='bbox 519 3983 651 4031; x_wconf 78' lang='lat' dir='ltr'><strong>conventu</strong></span> 
     </span>
    </p>
   </div>
   <div class='ocr_carea' id='block_1_3' title="bbox 0 0 1311 4696">
    <p class='ocr_par' dir='ltr' id='par_1_5' title="bbox 0 0 1311 4696">
     <span class='ocr_line' id='line_1_41' title="bbox 0 0 1311 4696; baseline 0 0"><span class='ocrx_word' id='word_1_366' title='bbox 0 0 1311 4696; x_wconf 95' lang='lat' dir='ltr'><strong> </strong></span> 
     </span>
    </p>
   </div>
  </div>
 </body>
</html>
