2586 4696
198 324 239 386 28
682 325 773 391 1530.

199 479 330 538 trabere.
364 483 464 540 Habes
487 486 549 539 iere
571 500 654 552 tem,
669 487 703 553 ¹)
723 495 755 539 nt
772 483 862 540 hodie
881 483 1032 554 Augustae
1048 478 1150 538 habet.
1175 477 1255 538 «Phi.

197 571 305 644 lippus,
317 571 425 643 Jonas,
436 575 611 647 Spalatinus,
627 576 764 645 Agricola
778 593 848 630 curn
859 574 999 646 Principe
1011 583 1082 629 sunt
1093 576 1253 642 Augustae.

261 677 292 742 2)
309 679 413 734 Scribo
435 680 543 736 Comiti
565 681 675 737 Frisiae
700 682 932 748 consolatorias,
956 687 988 734 ut
1009 679 1096 752 petia.
1135 676 1252 734 Deinde
1285 754 1287 759 Ι

196 769 351 823 mendacia
373 768 543 840 Caristadii,
566 780 643 843 quae
665 782 748 828 antee
770 771 895 840 misisti,
918 770 1052 843 Principi
1076 768 1201 838 tradidi,
1224 770 1253 824 e't

196 857 343 926 arbitror,
359 861 468 916 comiti
486 877 501 914 a
518 861 657 933 Principe
675 877 744 917 esse
761 861 917 933 scriptum.
951 860 1017 930 Ego
1034 875 1159 933 quoque
1176 858 1251 914 idem

196 945 249 1001 tibi
262 947 427 1018 significavi
440 950 550 1016 literis,
567 951 646 1021 quod
660 961 743 1006 certo
759 951 839 1007 scio:
857 951 966 1018 miror,
983 951 1008 1005 si
1020 966 1082 1005 uon
1093 946 1253 1020 acceperit.

201 1102 204 1107 r
262 1054 360 1110 Porro
377 1056 458 1129 quod
475 1057 699 1112 &commentarii
717 1057 850 1127 jactant,
875 1072 924 1111 me
948 1071 1017 1112 esse
1033 1054 1194 1128 Marpurgi
1211 1054 1254 1110 vi.

197 1154 298 1213 ctum,
315 1163 400 1204 more
418 1163 474 1202 stro
491 1158 590 1216 agunt.
623 1147 696 1203 Sunt
713 1147 790 1203 enim
807 1165 868 1202 non
884 1142 983 1204 solum
1000 1146 1180 1215 mendaces,
1197 1144 1253 1202 aed

197 1233 296 1306 ipsum
314 1237 518 1304 mendacium,
544 1238 631 1291 fucus
654 1247 683 1293 et
701 1236 864 1306 simulatio,
889 1235 970 1309 quod
990 1246 1138 1292 testantur
1152 1234 1253 1292 cnol.

197 1325 310 1379 stadius
327 1337 357 1380 et
374 1327 537 1395 zwinglius
562 1327 638 1399 ipsis
654 1328 738 1382 sactis
756 1337 786 1382 et
803 1326 902 1381 verbis
920 1329 993 1382 suis.
1028 1327 1121 1383 Vides
1138 1336 1252 1398 antem,

195 1413 255 1471 hos
272 1415 426 1486 Marpurgi
444 1433 604 1471 revocasse
622 1417 650 1471 in
668 1417 801 1472 articulis
818 1417 923 1489 positis
941 1433 992 1486 ea,
1011 1433 1088 1489 quae
1106 1417 1144 1473 de
1160 1415 1254 1490 bapti.

196 1519 281 1572 snro,
305 1516 561 1559 sacramentorum
582 1522 657 1574 usu,
681 1504 817 1562 similiter
839 1517 966 1560 externo
988 1507 1103 1572 verbo,
1128 1516 1158 1562 et
1180 1506 1251 1577 alia,

196 1609 272 1665 quae
295 1594 439 1650 hactenus
465 1595 550 1650 editis
577 1595 658 1650 libris
682 1597 853 1667 pestilenter
875 1597 1051 1652 docuerunt.
1085 1596 1155 1653 Nos
1179 1596 1251 1653 nibil

195 1681 415 1739 revocavimus.
450 1686 491 1739 At
508 1701 576 1738 cum
595 1685 662 1741 victi
684 1698 785 1740 essent
803 1686 891 1740 etiam
915 1686 944 1741 in
962 1702 1056 1742 coena
1072 1687 1250 1756 Dominica,

194 1774 354 1829 noluerunt
371 1791 513 1829 revocare
529 1775 611 1829 hunc
629 1774 802 1841 articulum,
822 1776 938 1832 etiamsi
955 1776 1090 1832 viderent
1107 1792 1176 1832 sese
1190 1794 1252 1832 non

195 1862 367 1919 subsistere.
400 1864 577 1919 Metuebant
602 1865 680 1919 enim
698 1864 801 1936 plebes
818 1881 906 1934 suas,
929 1866 965 1920 ad
982 1882 1055 1943 quas
1070 1883 1133 1922 nou
1152 1867 1252 1924 licuis-

196 1962 243 2009 set
260 1953 385 2020 reverti,
404 1954 429 2008 si
447 1946 647 2009 revocassent.

260 2059 300 2113 Et
317 2059 368 2131 qui
387 2077 447 2115 non
463 2060 672 2129 vincerentur,
696 2077 765 2115 cum
784 2061 928 2131 Zwinglio
943 2058 974 2128 3)
997 2077 1090 2118 unum
1107 2070 1251 2119 ettotam

195 2161 401 2218 argumentum
417 2151 521 2218 fuerit,
540 2167 651 2222 corpus
663 2169 723 2206 non
736 2168 828 2224 posse
846 2168 913 2207 esse
929 2153 993 2208 sine
1010 2153 1081 2210 loco
1098 2163 1129 2208 et
1138 2152 1250 2209 dimen-

194 2237 298 2303 sione,
313 2240 361 2294 cui
379 2256 435 2310 ego
453 2256 492 2294 ex
510 2239 699 2312 philosophia
717 2242 860 2313 opposui:
886 2242 983 2314 ipsum
1001 2242 1121 2298 coelum
1137 2253 1252 2299 nature.

193 2326 261 2382 liter
277 2345 344 2383 esse
362 2330 426 2386 sine
443 2330 531 2398 loco,
554 2338 612 2383 tarn
630 2346 768 2400 magnum
785 2347 915 2403 corpus,
937 2347 995 2386 nec
1012 2331 1181 2389 dissolvere
1198 2349 1252 2405 po.

153 2482 158 2493 ι
193 2427 324 2472 luerunt.
358 2418 591 2489 Oecolutnpadio
609 2436 683 2474 vero
700 2413 731 2480 ⁴>
749 2419 800 2474 fuit
816 2421 940 2475 unicum
956 2431 1178 2491 argumentum:
1195 2421 1252 2478 Pa.

193 2515 253 2562 tres
278 2509 424 2580 appeliant
441 2509 576 2578 signum,
600 2526 671 2577 ergo
688 2526 748 2564 non
767 2521 813 2565 est
830 2526 941 2583 corpus
964 2510 1014 2566 ibi.
1047 2511 1155 2567 Multis
1177 2529 1251 2569 vero

193 2597 295 2654 verbis
314 2600 533 2669 promiserunt,
552 2614 585 2654 se
604 2599 679 2652 velle
696 2599 856 2654 nobiscum
873 2610 993 2655 eatenus
1006 2601 1124 2669 dicere,
1140 2602 1252 2660 Christi

193 2703 304 2759 corpus
317 2689 463 2743 veraciter
475 2705 541 2743 esse
560 2689 589 2743 in
602 2705 695 2743 coena
707 2705 847 2760 praesens
855 2730 865 2757 ,
883 2702 911 2745 at
926 2691 1117 2762 spiritualiter
1127 2703 1251 2763 tanturn,

192 2788 226 2832 ut
251 2794 304 2834 eos
329 2780 432 2834 fratres
458 2779 646 2848 dignaremur
662 2778 824 2850 appellare,
849 2789 879 2833 et
896 2780 1097 2848 simulareita
1120 2800 1252 2839 concor.

194 2866 288 2922 diam:
306 2865 367 2921 hoc
386 2869 467 2938 quod
485 2867 645 2936 Zvvinglius
663 2869 757 2938 palam
776 2868 964 2940 lachrymans
982 2887 1083 2925 coram
1100 2872 1252 2943 Landgra-

110 2994 112 3005 .
194 2957 244 3010 vio
263 2966 291 3010 et
307 2957 461 3012 ordinibus
472 2950 502 3022 ⁵)
520 2957 655 3024 rogabat,
672 2957 774 3011 dicens
793 2957 821 3011 in
834 2957 910 3012 haec
923 2959 1029 3024 verba:
1048 2959 1089 3020 66
1107 2957 1163 3024 llll
1180 2960 1251 3021 trine

194 3045 263 3106 brut
287 3045 337 3109 tui
352 3046 460 3105 teritur
486 3045 536 3102 urit
561 3046 643 3100 bmrn
671 3045 709 3108 ltlr
729 3045 810 3104 littrr
826 3047 901 3104 trtlt
923 3047 984 3106 tint
1009 3045 1086 3115 itan,
1112 3049 1186 3110 lttttr
1202 3053 1252 3113 nte

194 3137 244 3193 ltu
262 3134 489 3203 Qltttttbttsstttt.
524 3134 646 3187 Summo
667 3135 764 3189 studio
788 3149 816 3189 et
839 3139 1030 3194 contentione
1053 3151 1198 3211 egerunt,
1218 3147 1252 3196 ut

194 3227 368 3281 viderentur
391 3225 551 3279 nobiscum
574 3225 758 3293 concordes,
786 3226 823 3279 ita
847 3240 880 3280 ut
898 3226 975 3283 hanc
993 3246 1103 3285 vocem
1119 3224 1152 3298 ⁶)
1179 3218 1256 3288 nnn,

194 3333 283 3389 quam
300 3332 339 3370 ex
355 3331 404 3370 me
422 3325 545 3385 possent
563 3315 660 3385 ferre:
678 3314 740 3369 Vos
756 3314 870 3370 habetis
886 3317 975 3372 alium
993 3319 1145 3392 spiritum,
1164 3336 1269 3394 quam·

195 3424 261 3463 coa.
299 3404 449 3460 Ardebant
467 3403 537 3468 tori,
556 3403 672 3475 ‹puoties
689 3403 766 3458 haec
784 3406 947 3461 audit-bant.
981 3408 1116 3464 Tandem
1134 3411 1165 3465 id
1183 3426 1252 3466 cort.

194 3496 360 3562 cessimus,
385 3503 417 3546 ut
441 3493 566 3547 articulo
590 3491 693 3547 uitium
712 3494 848 3565 ponitur,
868 3506 906 3581 'ut
928 3497 1034 3552 fratres
1052 3499 1251 3578 quidemnou

195 3596 315 3653 essent,
334 3585 386 3638 sed
404 3597 502 3637 tamen
520 3581 661 3636 charitate
678 3599 779 3637 nostra
788 3625 797 3652 ‚
820 3601 895 3656 quae
913 3587 999 3641 etium
1016 3588 1097 3644 hosti
1115 3591 1252 3658 debetur,

193 3695 255 3732 non
280 3671 487 3749 spoliarentur.
520 3675 564 3730 Ita
586 3674 788 3743 indignissime
814 3676 911 3732 affecti
936 3688 1023 3747 sunt,
1049 3682 1131 3751 quod
1156 3681 1251 3739 tratas

206 3946 208 3951 ¹
244 3923 462 3974 arturianum.
510 3922 812 3995 'll'dfflletulsrebus
862 3927 885 3976 3)
904 3929 932 3972 Α.
947 3927 1071 3986 Ζινίυςὶἰὶ.
1120 3931 1252 3983 dimon

197 3996 342 4054 culamptdii
357 4000 413 4049 cunt
427 4006 496 4042 vera.
550 3998 573 4044 5)
588 3999 618 4042 Α.
633 3995 751 4044 obtabat.
809 4001 872 4052 aa
887 4001 902 4054 τ
916 4011 947 4048 ex
959 4013 1007 4049 me.
