2586 4696
554 297 647 383 isal.
1067 299 1129 394 sta

75 466 138 528 est,
156 466 273 514 veteres
291 474 351 512 non
370 471 458 518 ausos
475 433 692 532 essedpirituro
708 467 843 514 sanctum
856 457 1003 529 appellare
1015 456 1130 527 Deum,

74 548 132 604 uiui
154 559 273 603 veteres
299 565 354 620 pro
380 565 432 611 sua
456 548 579 618 pulchra
602 547 695 619 ,figura
720 548 857 618 intelligat
876 547 1083 623 Democritum
1103 555 1133 604 ei

73 636 258 715 Epicurum,
277 650 326 692 aut
344 638 452 694 Deum.
463 636 600 707 intelligat
617 623 822 720 tir-aterialiter,
840 639 867 691 id
886 652 945 704 est,
973 630 1041 691 istas
1060 652 1133 714 qua.

74 738 146 788 tuor
163 727 262 781 literas
280 726 394 781 Deum.
431 727 475 780 nd
497 728 566 798 quid
579 738 684 802 ¹autem
700 741 751 782 ista
766 727 885 781 ,odibilis
902 728 1056 798 panurgia,
1075 723 1132 780 nisi

74 827 108 884 att
119 817 241 873 rudibus
253 831 292 869 ex
304 832 407 872 musca
418 816 608 886 ,elephantem
616 817 759 884 ,fuciat,.et
771 799 926 884 significet,
941 815 1130 870 christianam

42 925 48 931 ·
75 905 250 983 religionem
268 905 358 980 nimis
373 905 456 959 nihili
473 922 558 972 esse,
581 907 660 959 nulla
683 920 787 970 causa,
812 905 869 961 nisi
888 905 1043 981 quiaistae
1056 919 1133 975 qua.

76 1009 147 1049 tuor
163 996 263 1049 literae
280 995 369 1048 Deus
393 1013 452 1049 non
473 1007 624 1065 ponuntur
640 1011 722 1049 omni
740 996 827 1062 loco,
851 1012 914 1066 quo
931 996 993 1066 ipse
1012 996 1133 1063 exigere
1151 1036 1153 1040 ,

78 1095 193 1156 posset.
228 1084 275 1139 Sic
295 1084 396 1138 Patres
423 1085 468 1138 sui
494 1084 593 1138 Ariani
619 1084 702 1138 valde
723 1085 937 1151 cattsabantur,
963 1086 1045 1155 quod
1063 1070 1135 1138 istac

75 1175 191 1249 litterae
203 1173 413 1241 Homouaios,
429 1184 459 1231 et
474 1173 689 1242 innascibilis,
707 1190 766 1227 non
782 1175 986 1228 invenirentur
1000 1175 1026 1228 in
1040 1173 1135 1230 sacris
1201 1241 1210 1261 .

75 1264 189 1331 literis,
207 1263 279 1318 nihil
297 1264 421 1329 morati,
440 1263 520 1333 quod
539 1279 585 1317 res
603 1264 666 1334 ipsa
685 1264 779 1318 solide
797 1265 1067 1319 demonstraretur:
1085 1262 1138 1318 ubl

79 1370 154 1408 vero
171 1370 281 1407 nomen
296 1353 353 1407 Dei
372 1353 554 1423 ponebatur,
572 1355 661 1423 parati
679 1367 761 1407 eraut
775 1357 894 1428 ¹glossa,
913 1363 971 1425 qua
983 1354 1138 1410 eluderent

79 1444 253 1507 veritatem,
272 1453 302 1496 et
317 1446 565 1513 nuncupativum,
585 1459 646 1495 non
664 1451 767 1500 verum
785 1444 886 1498 Deum
904 1460 971 1499 esse
990 1444 1139 1498 concede.

80 1544 156 1588 rent.
190 1533 233 1587 lta
250 1531 323 1587 nihil
341 1549 409 1586 cum
428 1533 491 1586 istis
508 1531 619 1602 viperis
637 1531 765 1599 efficies,
791 1534 854 1589 sive
878 1550 932 1604 per
952 1533 1142 1604 Scripturas,

29 1629 32 1638 '
82 1615 146 1678 sive
164 1635 248 1677 extra
266 1622 432 1693 Scripturas
451 1623 592 1693 loquaris.
1023 1614 1026 1621 ’

78 1813 81 1821 ,
147 1753 228 1811 Haec
246 1763 292 1808 est
309 1752 428 1807 Satanae
446 1751 566 1817 malitia,
587 1750 637 1823 qui
657 1768 726 1809 cum
744 1767 806 1806 rena
823 1770 884 1810 non
903 1754 997 1824 possit
1013 1770 1140 1823 negare,

80 1844 170 1898 sentit
188 1859 221 1900 se
238 1844 274 1897 ad
291 1843 436 1901 vocabula
455 1843 615 1912 exigenda,
640 1858 714 1912 quae
740 1842 803 1912 ipse
824 1844 1056 1914 praescripserit.
1091 1844 1139 1903 Sic
1229 1875 1231 1878 <

82 1943 189 2005 posset
199 1933 347 1987 Diabolus
360 1932 395 1986 ad
410 1931 563 1992 Christum
579 1932 675 2001 ipsum
694 1931 810 1984 dicere:
827 1930 952 1988 Etiamsi
966 1949 1036 1997 vera
1047 1932 1140 2002 dicas,

83 2035 184 2078 tamen
200 2023 268 2094 quia
285 2040 346 2076 non
364 2022 438 2080 dicis
455 2021 561 2081 talibus
579 2021 697 2090 verbis,
716 2021 855 2092 qualibus
870 2039 926 2091 ego
945 2023 1050 2091 velim,
1067 2022 1142 2083 nihil

83 2113 178 2178 dicis,
196 2111 286 2166 velim
304 2122 402 2167 autem
416 2110 505 2168 nullia
517 2111 616 2165 verbis
629 2111 702 2178 dici,
721 2112 797 2169 sicut
810 2111 980 2172 Marcellus
998 2113 1141 2185 suspendi

84 2203 181 2258 voluit
197 2201 232 2255 ab
250 2202 356 2258 arbore
375 2220 389 2254 a
409 2216 441 2255 se
459 2200 550 2257 electa
560 2240 569 2268 ,
586 2201 696 2255 nullam
713 2211 811 2258 tamen
824 2202 920 2256 voluit
931 2202 1049 2271 eligere.
1084 2204 1143 2264 Seal
1166 2223 1170 2241 ³

85 2277 122 2347 de
141 2291 201 2345 hoc
217 2292 306 2358 alias,
322 2290 347 2345 si
360 2290 514 2348 Dominus
529 2289 622 2344 otium
635 2301 664 2346 et
677 2291 802 2360 spatium
818 2290 893 2350 vitae
906 2292 1026 2349 dederit.
1061 2293 1143 2355 Nam

86 2381 188 2451 cogito
207 2390 275 2450 post
293 2395 340 2434 me
358 2379 524 2449 relinquere
539 2379 744 2435 testimonium
756 2396 856 2435 meum
869 2381 905 2434 de
916 2381 1044 2438 Erasmo
1056 2383 1142 2439 fidele

77 2482 268 2538 etcertum,
294 2480 323 2523 et
340 2469 481 2540 praehere
499 2467 665 2525 Lutherum
688 2470 753 2525 istis
773 2470 883 2540 viperis
900 2472 1097 2532 mordendum
1113 2483 1144 2529 et

53 2627 56 2633 A
76 2561 293 2632 pungendum,
314 2559 366 2614 sed
384 2575 444 2614 uon
461 2558 651 2612 lacerandum
667 2569 717 2611 aut
733 2559 936 2615 devorandum
954 2573 1060 2616 totum.

158 2696 251 2753 Nunc
269 2695 349 2768 quod
367 2694 402 2748 dc
419 2705 521 2768 nostra
540 2693 673 2748 libertate
695 2694 774 2762 dixi,
800 2706 921 2766 repeto,
945 2698 1062 2753 scilicet
1083 2717 1144 2757 non

78 2805 157 2844 ¹esse
174 2788 325 2842 ferendam
342 2784 460 2839 Erasini
479 2784 661 2855 tyrannidem
679 2783 706 2836 in
733 2785 796 2839 suis
821 2786 1065 2858 amphibologiis,
1090 2792 1145 2848 scd

90 2879 264 2950 simpliciter
276 2893 343 2932 esse
353 2875 545 2945 judicandum
558 2889 597 2927 ex
609 2890 661 2927 ore
675 2874 779 2944 ipsius.
814 2873 842 2928 Si
854 2878 1146 2951 loquiturnrianice,

78 2969 240 3041 *judicetur
254 2966 393 3020 Asianus:
413 2965 436 3017 si
451 2964 581 3033 loquitur
593 2962 772 3034 Lusitaniae,
785 2964 940 3034 judicetur
953 2969 1145 3029 Lucianicua:

90 3058 115 3112 si
138 3058 270 3128 loquitur
287 3053 452 3124 gentiliter,
472 3052 624 3122 judicetur
642 3052 780 3120 gentilis,
804 3054 859 3109 nisi
879 3057 1032 3128 resipiscat
1050 3061 1147 3116 etde.

76 3150 167 3205 -siuat
190 3146 347 3200 defendere
371 3146 441 3198 tales
466 3158 570 3197 voces
607 3141 711 3210 Velut,
737 3143 786 3196 uhi
812 3145 840 3198 in
864 3147 990 3217 quadam
1013 3147 1149 3221 Epistola

92 3239 128 3292 dc
148 3235 348 3290 incarnatione
365 3232 414 3287 lilii
428 3233 487 3288 Dei
500 3232 676 3302 turpissimo
690 3234 784 3287 verbo
798 3234 942 3305 loquitur,
960 3253 1072 3292 vocans
1084 3248 1150 3294 col.

94 3339 155 3381 tum
176 3326 233 3379 Dei
251 3340 320 3377 cum
338 3322 460 3391 virgine.
494 3322 549 3375 llic
574 3331 620 3375 est
638 3321 816 3389 judicandus
841 3324 991 3382 horribilis
1011 3325 1149 3400 blaspha-

77 3427 191 3470 -mator
207 3413 266 3468 Dei
285 3424 314 3467 et
330 3410 470 3480 Virginis·
502 3410 570 3464 Nec
588 3412 834 3482 euinquicquam
847 3412 978 3483 juverit,
996 3416 1021 3471 si
1032 3425 1149 3475 collum

78 3517 196 3578 ‚postea
222 3511 351 3572 exponat
376 3502 411 3554 ad
437 3502 564 3554 formam
589 3499 741 3555 doctrinae
767 3502 954 3559 christianae.
995 3505 1056 3562 Cur
1082 3520 1150 3564 ante

93 3613 154 3650 uon
182 3603 227 3647 est
252 3593 384 3660 locutus¹
401 3591 436 3643 ad
464 3591 588 3643 formam
615 3589 765 3643 doctrinae
796 3589 993 3650 christianae?
1033 3596 1176 3654 Sciebat*

78 3683 187 3750 euim,
207 3682 266 3736 hoc
283 3680 377 3735 verbo
389 3684 488 3733 cottus
501 3677 680 3730 christianos
698 3693 757 3731 non
774 3692 863 3747 posse
880 3698 941 3736 non
959 3683 1153 3742 vehementer

95 3771 219 3839 offendi,
247 3772 307 3824 into
332 3768 386 3822 nisi
411 3766 519 3820 offendi
541 3764 706 3831 voluisset,
733 3783 793 3822 non
819 3769 864 3823 sic
889 3768 1008 3833 locutus
1035 3774 1150 3830 luisset.

82 3863 195 3917 ¹Decet
211 3872 306 3914 autem
321 3872 380 3911 noa
401 3872 440 3910 eo
462 3854 587 3921 aliendi,
613 3865 643 3908 et
664 3856 774 3927 impius
797 3863 890 3924 esim:
906 3861 957 3932 qui
981 3877 1041 3918 non
1064 3864 1153 3922 luerit

79 3952 229 4025 ‚ollensua
245 3949 299 4018 ista
313 3944 492 4026 turpitudine
508 3943 752 4029 verbiobscoeni
765 3948 794 4027 in
807 3965 839 4005 re
851 3936 911 4005 taiu
923 3965 1022 4020 sacra.¹
1043 3950 1153 4017 Etiam.
