2586 4696
551 312 643 409 isso.
1079 310 1126 383 ss.

103 464 315 521 sennaser·
334 478 359 528 p.
373 467 418 521 nt
434 467 604 525 annutante
617 471 658 521 nt
677 467 846 518 coelestin.
866 467 896 516 11.
913 468 959 519 an.
976 466 1000 515 s.
1025 463 1126 518 onita
1222 437 1228 449 “

62 541 97 594 ln
109 539 288 594 matam.
303 541 362 592 loss
387 542 524 598 mlsltsbss
537 544 597 592 cod.
608 541 685 591 Closs.
693 576 701 602 ,
717 543 775 592 cod.
784 543 840 591 len.
850 542 872 589 b.
883 544 926 591 tlt.
935 542 954 589 i.
967 541 1014 589 uni
1028 540 1124 588 susti.

61 614 95 664 lu.
108 618 127 663 s.
138 618 178 673 56,
192 614 333 672 ansildis,

62 717 208 820 Gratiana
221 773 252 820 et
263 779 371 838 pacem
383 765 414 821 in
427 763 559 822 Christo.
584 765 654 822 Istis
667 767 694 829 ¹)
706 764 811 820 diebus
824 761 894 820 setis
904 763 1014 819 multas
1024 760 1126 818 literas

62 854 180 910 anobis
198 855 393 927 accepimns,
416 856 528 927 optime
544 855 644 924 «lona,
671 866 701 913 et
724 871 781 911 nos
798 854 934 911 vicissim
959 864 1127 925 quaterne.

62 944 240 1017 scripsimus
252 960 269 998 a
281 944 387 1000 diebus
398 945 455 1001 illis
468 945 596 1012 silentii,
613 947 675 1001 imo
693 945 869 1017 quinquies,
884 941 948 998 boc
960 942 1023 1013 jam
1037 950 1126 996 sexto

62 1033 236 1088 scribimus.
270 1030 352 1088 Mire
369 1032 444 1089 mibi
462 1045 560 1104 gratae
579 1036 698 1089 fuerunt
715 1034 827 1090 literae.
861 1032 957 1087 Video
977 1047 1049 1086 sane
1072 1047 1126 1084 co.

61 1123 218 1178 uitiorum
235 1123 396 1194 prologum
416 1124 479 1195 jem
503 1133 574 1197 post
599 1133 805 1195 argumentum
829 1121 964 1189 recitari,
989 1119 1127 1192 sequitur

62 1214 142 1268 turba
169 1220 204 1268 es
236 1213 360 1285 epitasis·
387 1214 436 1268 vel
468 1230 685 1287 paroxysmns:
719 1215 772 1269 sed
799 1212 1008 1284 catastrophen
1037 1209 1078 1264 illi
1094 1210 1125 1278 ²)

59 1303 225 1374 tragicam,
242 1318 299 1358 nos
317 1305 466 1361 uomicam
484 1313 691 1376 expectamus.
707 1301 738 1371 ³)
770 1301 843 1359 Non
862 1318 932 1359 sane
950 1311 983 1357 ut
998 1301 1035 1356 de
1053 1302 1125 1371 dog.

59 1393 188 1450 natibus
202 1409 337 1465 unquam
350 1393 399 1449 liat
410 1395 589 1451 concordia:
601 1387 631 1462 ⁴)
644 1394 712 1467 quia
725 1393 804 1449 enim
812 1392 906 1449 Belial
919 1408 989 1447 cum
1001 1391 1124 1447 Christo

59 1496 157 1558 speret
174 1483 352 1541 conciliari?
368 1475 399 1553 ⁵)
424 1484 482 1540 nisi
507 1485 585 1541 forte
612 1485 784 1555 conjugium
809 1494 840 1538 et
862 1493 987 1555 utraque
1004 1482 1125 1554 specics

58 1575 253 1630 adntitsantor
276 1575 353 1638 (sed
375 1574 415 1630 sit
437 1586 467 1631 et
486 1574 538 1631 hio
558 1574 732 1631 adverbium
747 1574 810 1630 hoc
827 1574 924 1641 lortc,
940 1568 967 1638 ⁶)
991 1582 1023 1628 et
1038 1573 1124 1629 nimis

56 1667 188 1722 lortasse
200 1661 316 1728 sostei:
335 1665 389 1721 sed
400 1665 483 1737 quod
495 1675 597 1738 optem
613 1681 766 1737 paeneque
784 1679 920 1737 sperem,
936 1663 1124 1718 dissensione

57 1755 228 1827 dogmatica
243 1770 408 1826 suspensa,
427 1755 577 1825 politicam
594 1754 787 1810 concordiam
804 1752 867 1808 lieri
884 1768 990 1824 pocae:
1008 1752 1123 1824 quaesi

56 1847 182 1902 Christo
200 1843 400 1900 benedicente
416 1844 533 1910 veniat,
555 1843 628 1899 satis
646 1843 762 1898 abunde
780 1843 892 1898 iactum
912 1852 942 1898 et
963 1852 1062 1896 actum
1079 1852 1125 1897 est

56 1938 83 1994 in
95 1936 167 1992 istis
184 1934 329 1991 comitiis.
356 1933 491 1997 Primum
502 1934 593 2002 enim,
608 1934 691 2006 quod
701 1932 865 1988 maximum
875 1943 920 1988 est
925 1923 971 2002 ,⁷)
984 1930 1122 1987 Christus

55 2027 177 2100 publica
193 2035 228 2080 et
242 2024 375 2094 gloriosa
390 2023 580 2079 confessione
597 2023 780 2078 declamatus
796 2033 861 2091 est,
880 2032 910 2077 et
927 2010 1069 2077 inissem
1081 2032 1123 2078 at.

56 2134 116 2191 que
141 2115 255 2171 taciem
277 2115 412 2187 ipsorum
435 2113 612 2182 affirmatus,
638 2122 671 2166 ut
686 2125 747 2167 non
770 2113 886 2184 possint
905 2113 1038 2184 jactare,
1064 2129 1121 2171 nos

53 2210 190 2279 mgisse,
210 2206 405 2274 formidatae,
422 2215 472 2260 aut
488 2204 603 2260 celasse
619 2214 754 2260 nostrum
770 2205 868 2260 fidem.
902 2203 969 2264 Nisi
981 2205 1063 2277 quod
1077 2205 1121 2267 in.

55 2300 167 2367 video,
183 2290 221 2361 8)
241 2312 292 2351 me
314 2313 376 2351 non
393 2296 499 2351 adesse
517 2295 547 2349 in
562 2293 621 2349 hac
637 2293 761 2365 pulclirs
779 2296 983 2351 confessione.
1018 2296 1122 2351 Conti.

56 2389 160 2463 gitque
169 2379 200 2453 ⁹)
220 2383 295 2441 mihi
312 2386 397 2458 plane
414 2386 522 2440 eadem·
534 2386 670 2451 fortuna,
688 2402 764 2457 quae
782 2385 907 2440 summis
926 2386 983 2442 illis
994 2387 1032 2450 ἢ)
1049 2386 1118 2441 belli

54 2475 291 2550 imperatoribus
308 2484 375 2529 ante
387 2490 496 2529 annum
508 2484 574 2527 snte
587 2473 731 2528 Viennam
739 2514 748 2542 ,
758 2476 792 2542 11)
810 2483 843 2528 ut
854 2474 898 2528 eis
911 2475 938 2528 in
952 2475 1120 2530 resistendo

59 2581 90 2622 es
103 2566 293 2623 defendendo
310 2565 415 2619 urbem
432 2583 447 2619 a
463 2563 573 2618 Tutela
597 2565 675 2618 nulla
698 2581 789 2635 opera
812 2575 862 2618 aut
884 2565 1008 2618 victoria
1025 2566 1119 2636 impu.

64 2658 117 2712 tari
125 2659 229 2729 possit.
255 2657 372 2712 Tamen
383 2656 480 2727 placet
492 2666 521 2708 et
536 2655 704 2720 solatur,¹²)
717 2655 753 2708 ab
766 2655 827 2710 aliis
837 2654 913 2709 hanc
927 2671 1024 2709 meam
1033 2655 1119 2711 lfien.

62 2763 131 2801 nam
146 2748 263 2803 interim
281 2746 432 2800 defensam
451 2761 529 2799 essc.
561 2745 700 2799 Alterum
725 2744 805 2815 quod
831 2756 947 2799 certum
971 2755 1036 2812 est,
1061 2765 1117 2801 nos

59 2853 165 2909 pacem
185 2851 311 2907 semper
333 2835 537 2905 quaesivisse,
563 2843 593 2888 et
619 2844 650 2887 ut
674 2832 814 2888 Psalmus
840 2835 893 2901 ait,
917 2848 1118 2907 persequutus

56 2944 136 2996 esse,
149 2927 310 2993 obtulisse,
324 2940 438 2992 orasse,
449 2920 485 2988 ¹³)
500 2924 565 2977 illos
577 2938 652 2977 vero
664 2941 725 2977 non
743 2921 796 2978 niti
808 2921 916 2977 bellum
929 2965 937 2991 ,
955 2927 1076 2982 caedem
1087 2938 1117 2983 et

53 3019 237 3090 perniciem,
256 3014 308 3070 sed
326 3013 495 3069 certissimo
513 3013 703 3081 testimonio,
721 3029 778 3068 nos
795 3030 865 3069 csse
884 3014 957 3071 filios
972 3017 1048 3085 Dei,
1066 3019 1117 3090 qui

52 3107 173 3181 pacilici
192 3120 309 3161 suanus.
321 3096 364 3169 ¹¹¹)
396 3103 487 3177 Quod
505 3101 529 3157 si
547 3102 666 3156 tertium
684 3102 897 3172 obtinebimus,
916 3119 947 3161 ut
959 3122 1031 3176 pace
1044 3108 1119 3178 poli.

52 3200 110 3254 tica
137 3195 350 3261 discedamus,
374 3194 458 3264 plane
475 3192 603 3247 vicimus
622 3192 756 3247 Satanam
772 3187 812 3259 ¹⁵)
837 3194 896 3248 hoc
914 3212 1003 3250 anno.
1037 3197 1119 3253 llaec

53 3306 121 3344 mea
149 3296 198 3341 est
222 3301 285 3340 non
310 3282 552 3354 praedestinatio,
581 3282 633 3336 sed
661 3283 799 3353 cogitatio
825 3283 861 3337 de
887 3285 952 3341 istis
977 3288 1118 3343 comitiis.

55 3377 139 3453 Quid
158 3375 240 3430 enim
259 3388 377 3444 sperem
400 3373 533 3448 facturos
558 3370 744 3427 adversarios
768 3371 860 3427 boni?
894 3374 975 3450 Quid
993 3376 1029 3430 de
1047 3377 1127 3441 Cae,

56 3486 122 3523 sare
143 3463 335 3539 quantumvis
353 3462 484 3534 optimo,
511 3462 563 3515 sed
585 3460 733 3517 obsesso?
769 3461 908 3519 Christus
931 3467 1012 3520 venit
1028 3459 1065 3531 ¹⁶)
1091 3475 1121 3522 et

58 3559 143 3614 sedet
155 3557 192 3609 ad
206 3556 378 3620 dexteram,
395 3570 456 3607 non
468 3543 508 3618 ¹7)
522 3552 655 3606 Caesaris
673 3553 755 3616 (nam
767 3554 810 3608 sic
825 3554 1017 3624 periissemus
1031 3554 1120 3623 olim)

107 3717 131 3757 ι’,
152 3707 216 3753 t'od.
231 3704 308 3751 Closs.
321 3704 371 3749 llis.
421 3707 444 3752 2)
463 3704 549 3749 Budtl.
566 3704 638 3748 illam.
674 3706 713 3763 Ι3)ι
727 3705 807 3750 (soei.
823 3705 881 3749 Cnd.
896 3705 950 3751 len.
970 3707 1063 3752 Auris.
1079 3719 1121 3752 et,

58 3759 219 3816 perlabimur.
274 3758 298 3803 ll
317 3756 342 3800 C.
362 3755 403 3798 liet
418 3757 474 3802 ultus
488 3758 521 3799 ut.
547 3757 576 3798 l
590 3752 739 3817 tutttullmlto.
795 3755 816 3799 5)
838 3757 865 3799 Α.
883 3756 1120 3802 —tuiseninietn

58 3818 81 3877 δ’)
93 3812 129 3903 bis
135 3802 336 3909 bsbgcgrabisbtls
351 3804 658 3910 Alscfotfbblingblqb'ef
670 3804 853 3902 lllb'iubbm--fssi‘llis
866 3807 939 3900 bbbt'
955 3806 1049 3901 mllb‘b.
1065 3807 1121 3901 biti

58 3871 411 3977 ἷίῖιηιιιιιυ,ιιιιιορτηιείιηὶῐηΙ
464 3903 627 3972 littlfinte.
679 3905 902 3975 ¹,lll3·”⁰¹’¹;⁰.¹·
950 3904 1120 3975 'littlsinmn

57 3961 92 4055 ἒς,
106 3952 566 4055 adamnaaprdexsstnpncl.snitu.
594 3955 748 3999 omittit.
787 3955 822 4008 17)
836 3956 860 3998 b.
874 3952 977 4005 (ΗΜ
989 3954 1121 4003 dexterum
