2586 4696
604 334 694 399 1530.
1139 324 1183 397 li

114 440 265 545 Gratiam
283 498 315 545 et
330 506 440 563 paoem
457 493 488 549 in
505 490 637 549 christo.
672 494 733 549 llas
750 492 848 548 literas
866 491 933 549 ideo
950 491 986 547 ad
1002 500 1032 547 te
1048 487 1182 547 seribere

115 580 221 649 solui,
246 582 364 653 optime
381 582 529 652 Condate,
554 601 592 639 ue
612 584 760 640 dubitares
776 600 824 639 me
849 600 916 638 ense
939 582 981 639 tui
997 596 1182 648 memorem,

116 682 146 726 et
161 688 202 726 ne
221 672 422 745 suspicareris
435 690 483 729 me
501 676 642 746 promissi
659 674 718 731 mei
735 676 870 734 oblitum.
903 674 970 743 Ego
985 690 1065 729 emm
1083 672 1182 727 adlruc
1245 686 1249 693 ’

118 760 242 817 desideo
264 761 296 817 in
311 761 373 817 bsc
399 780 523 833 emmo,
548 782 605 819 nec
622 782 725 835 magna
750 782 821 836 spes
845 775 909 833 est,
934 781 982 819 me
1007 765 1042 818 ad
1060 763 1183 818 comitia

118 861 261 907 nocetum
279 852 327 909 iri.
362 852 498 928 Quodsi
516 870 631 921 vocor,
651 865 683 910 ut
700 871 804 909 cerrus
821 855 881 925 sis,
901 854 1062 909 missurum
1078 870 1128 909 me
1144 852 1182 907 erl

120 952 148 997 te
163 942 325 1010 nuntium,
340 944 384 997 uti
402 943 480 999 inter
495 960 553 999 nos
570 946 721 1001 convenit.
756 944 878 999 Interim
894 944 976 1017 quod
993 944 1124 1015 optimus
1135 942 1183 998 vir

119 1028 160 1087 D.
176 1030 331 1087 Nicolsus
347 1030 558 1089 Hausrnsnnus
576 1016 684 1089 rarior
700 1044 771 1089 tuus
788 1034 910 1099 scribit,
933 1034 1039 1089 nescio
1056 1049 1092 1088 an
1108 1048 1184 1089 con·

117 1120 226 1175 nultum
237 1122 297 1187 sit,
313 1132 350 1176 ut
360 1132 393 1177 tu
410 1121 445 1175 ad
458 1122 579 1179 comitia
591 1124 699 1189 ivatas,
716 1123 821 1179 relicto
838 1123 955 1178 interitu
966 1122 1083 1189 officio,
1099 1136 1184 1193 pree.

116 1210 214 1265 ιειιίιιι
225 1208 391 1265 comnibil
403 1210 501 1269 adhuc
512 1212 574 1283 spei
587 1212 626 1267 sit
633 1250 644 1279 ,
661 1224 781 1269 acturos
798 1230 865 1269 esso
877 1213 1032 1284 Principes
1044 1212 1081 1267 de
1092 1228 1184 1268 causa

115 1301 287 1371 religionis:
305 1312 358 1355 aut
372 1300 399 1357 si
412 1302 505 1357 acturi
521 1312 607 1370 sunt,
627 1314 743 1358 secreto
760 1312 791 1358 et
807 1304 882 1359 inter
899 1321 967 1359 sese
984 1304 1078 1359 acturi
1096 1312 1182 1373 sunt,

110 1389 194 1459 jttxts
204 1390 352 1446 Caesaris
363 1390 512 1457 edictum,
529 1392 606 1446 nulla
618 1392 735 1464 publica
747 1393 946 1471 disputatione
960 1393 1008 1448 vel
1026 1394 1181 1449 audientia.

112 1480 359 1553 Respondissem
375 1480 451 1536 baec
468 1497 580 1551 nuper,
604 1498 674 1537 cum
691 1481 790 1538 literas
817 1484 882 1554 ejus
899 1484 1101 1557 accepissem,
1126 1483 1183 1541 sed

112 1570 209 1629 sabito
225 1570 357 1627 nuntius
370 1586 434 1630 aon
451 1571 629 1642 compamit.
647 1572 677 1639 *)

173 1684 272 1743 Nam
284 1684 369 1741 nulla
386 1682 485 1739 adbuc
501 1685 690 1757 accepimus,
708 1702 806 1759 neque
823 1688 916 1743 nostri
929 1691 1080 1759 Augustae
1091 1687 1182 1745 nobis

115 1776 259 1831 sm'bunt.
297 1774 414 1831 Auditu
430 1785 553 1830 testante
570 1786 686 1831 certum
706 1793 774 1833 esse
791 1779 996 1850 percepimus,
1021 1780 1186 1836 Caesarem·

118 1880 186 1921 esse
207 1868 386 1935 ingressum
402 1865 567 1935 Augustam
586 1870 628 1921 ts.
643 1866 744 1936 Junii,
769 1866 852 1939 quod
869 1868 1005 1924 Christus
1030 1869 1128 1923 faveat
1151 1878 1185 1925 ct

121 1954 250 2025 felitior,
269 1956 385 2011 Amen.
417 1954 687 2029 Tantumuoremus
711 1968 741 2012 et
759 1973 819 2013 non
835 1958 1012 2013 desinamus.
1046 1958 1182 2016 Christus

122 2044 189 2101 risit
202 2056 234 2101 et
250 2052 377 2115 regnat,
395 2044 584 2117 quantumuis
600 2046 719 2114 ignotus
736 2045 850 2118 impiis,
874 2047 961 2104 nobis
977 2058 1075 2103 tumen
1092 2058 1182 2105 notus

117 2144 146 2192 et
160 2148 266 2191 certus
282 2134 359 2191 Rex
374 2149 480 2203 regum
497 2141 528 2188 et
544 2134 696 2190 Dominus
714 2136 939 2193 dominantium.

175 2248 250 2319 Ego
270 2247 346 2304 satis
363 2248 467 2316 valeo,
491 2248 553 2303 Dei
570 2250 678 2317 gratia,
704 2259 734 2305 et
749 2249 859 2304 vestris
876 2249 1037 2322 precibus,
1063 2259 1093 2305 et
1110 2249 1182 2307 licet

107 2334 160 2395 'me
185 2340 281 2395 Satan
317 2336 485 2407 impedierit
512 2337 622 2408 aliquot
642 2336 879 2394 hebdomadibus
905 2340 1010 2412 eapitis
1035 2355 1181 2407 susurro,

113 2439 213 2483 temen
222 2426 398 2481 serendum
409 2427 484 2479 verti
497 2426 526 2480 in
540 2424 758 2483 Germanicam.
792 2427 898 2485 Restat
913 2427 1070 2496 Ezechiel,
1087 2442 1182 2499 quem

116 2518 279 2585 aggrediar.
324 2512 383 2569 Sed
409 2512 536 2585 primum
570 2515 789 2587 eleemosynam
814 2517 928 2588 aliquot
959 2516 1182 2587 exemplaribus

121 2605 194 2658 dabo
210 2602 396 2677 pauperibus
412 2603 524 2657 nostris
541 2604 750 2675 typographis,
769 2604 844 2659 inter
859 2621 933 2675 quae
945 2604 1085 2659 Psalmus
1099 2605 1182 2659 Con.

119 2693 272 2762 fitemini,
285 2690 333 2759 ”)
350 2708 440 2763 quem
454 2693 548 2747 statim
562 2693 589 2746 in
606 2692 695 2746 biduo
708 2693 871 2747 absolvam.
902 2693 998 2747 Saluta
1015 2694 1182 2749 llotninum

128 2783 284 2839 Nicolaum
296 2783 523 2837 ilausmannum
535 2782 606 2836 milti
619 2783 845 2846 charissimum,
863 2783 950 2851 cujus
968 2784 1064 2838 fratris
1081 2783 1180 2840 literas

124 2888 241 2928 mecum
265 2874 329 2928 buc
353 2872 405 2926 tuli
432 2887 631 2943 responsurus
658 2872 754 2926 eidem
780 2871 962 2943 propediem.
994 2871 1045 2927 Ex
1066 2872 1181 2930 Eremo

122 2970 162 3028 19.
176 2964 261 3021 Junii
269 3004 280 3033 ,
298 2962 469 3019 MDxxx.

797 3051 838 3107 Τ.
855 3051 1002 3131 Matrinus
1021 3052 1149 3112 Lutber.

151 3472 192 3531 ¹9.
210 3466 382 3574 Sanina(
565 3412 568 3417 ι
823 3476 826 3481 ·
885 3464 943 3522 Νῠ.
961 3465 1148 3522 Mccffl.

420 3614 469 3681 lin
492 3612 662 3684 &siniti
682 3613 887 3695 3nlllinn.

276 3794 280 3799 -
397 3772 536 3824 utentium
554 3771 656 3826 uniatis
677 3772 723 3819 tuit
740 3772 790 3818 tent
807 3770 911 3825 tormen.

170 4011 268 4067 ‘tuat
281 4008 558 4061 uesatttnnuo.
571 3970 702 4057 ncncvt
763 4009 801 4062 ..2
815 4007 856 4063 nt·
869 4008 913 4056 ns
