2586 4696
191 328 251 390 100
669 328 760 401 isso.

188 435 332 536 Gratiam
349 491 377 536 et
397 500 504 554 pacem
521 485 550 540 in
569 481 702 545 Christu-
735 483 802 541 Etsi
819 493 851 540 tu
867 478 955 540 nubis
972 500 1033 540 uon
1050 480 1177 553 seniis,
1199 487 1239 540 mi

183 568 341 644 Phiiippe,
365 583 465 628 temen
482 583 515 629 ut
526 584 562 641 ‚te
579 590 718 646 superem
735 575 824 643 pretia
837 584 871 633 et
888 590 1012 646 onerem
1033 575 1159 644 invidia,
1183 592 1239 647 ego

187 661 321 728 scribo,‘
332 663 374 716 sie
391 680 486 734 opere¹
500 663 770 734 supererogationis
788 675 817 718 te
836 662 999 719 excellens.
1032 664 1123 740 Vides
1141 675 1241 720 autem

184 765 304 815 pausam
321 750 347 814 ¹)
370 729 466 806 retfrre
490 751 520 807 in
545 752 671 807 similem
692 761 851 821 eventurn,
877 768 937 823 quo
961 762 991 807 et
1007 752 1037 819 ²)
1054 752 1240 810 Wormstiae

182 841 256 908 fuit,
281 840 397 896 scilicet
414 853 446 895 ut
464 842 622 898 Caesarem
635 842 769 911 judicem
791 841 923 913 patiatur.
957 841 1008 918 Sip
1025 843 1112 898 Satan
1128 842 1240 899 chorda

184 945 305 1001 semper
320 930 440 995 oberrat
457 931 578 1000 eadem,
604 941 634 1003 et
657 932 850 1001 milleartifex.
866 930 913 986 iile
936 948 998 987 nun
1022 931 1114 988 habet
1137 945 1241 988 contra

185 1020 353 1088 Christum,
381 1021 437 1076 atisi
464 1037 557 1075 uuum
584 1022 654 1076 iilud
684 1020 802 1075 elumbe
830 1020 933 1077 robur.
972 1020 1034 1097 ‚De
1064 1022 1126 1077 hoc
1152 1022 1240 1080 latius

129 1149 133 1156 ,
185 1110 292 1180 scripsi
316 1109 464 1181 Principi,
493 1120 522 1166 et
547 1127 603 1165 vus
631 1110 737 1166 melius
763 1111 794 1164 in
822 1109 879 1167 huc
907 1127 939 1165 re
965 1111 1139 1188 uunsuletis.
1172 1112 1240 1183 Ego

183 1200 299 1273 adhue,
316 1199 387 1255 Deo
399 1199 437 1254 sit
448 1200 557 1269 grstia,
568 1195 598 1265 ³)
616 1199 687 1253 nihil
705 1199 794 1259 video
812 1199 842 1254 iu
859 1198 1034 1272 adversariis
1044 1239 1054 1270 ,
1071 1201 1129 1257 nisi
1140 1217 1239 1258 meras

181 1290 295 1358 miuus,
314 1290 367 1343 sed
384 1289 477 1343 mines
495 1288 637 1343 adversus
655 1289 822 1344 Dominum
840 1299 872 1344 et
886 1289 1042 1353 Christum
1056 1291 1140 1360 ejus,
1163 1308 1238 1364 quas

129 1420 136 1431 ..
182 1379 284 1443 inanes
301 1389 389 1433 voest
406 1378 522 1446 Dauid,
545 1394 605 1432 uon
624 1378 722 1432 solum
739 1387 918 1450 praepotens
941 1382 1088 1436 minarum
1105 1391 1239 1441 sontem.

77 1459 79 1465 ’
182 1482 245 1537 tor,
263 1468 316 1524 sed
334 1469 442 1523 virium
454 1466 707 1537 Golisthuictor.⁸
736 1467 828 1542 Quod
845 1468 868 1524 si
883 1468 1046 1540 proverbia
1063 1487 1132 1532 vera
1149 1482 1236 1542 sunt,

181 1574 286 1621 uerum
311 1567 356 1613 est
379 1569 409 1613 et
435 1556 523 1614 illud:
558 1555 623 1631 Qui
644 1549 1183 1630 moritur'minis,eomputserur.ei
1206 1554 1236 1628 ⁴)

181 1646 322 1716 bombis,
346 1648 426 1720 quod
452 1648 522 1702 iicet
546 1647 761 1704 Germanicum
786 1649 843 1716 sit,
870 1658 968 1704 tamen
993 1650 1083 1709 valet.
1117 1650 1238 1726 Quibus

182 1756 257 1795 vero
274 1738 393 1794 bombis
412 1737 661 1810 compulsandum
678 1737 734 1796 erit
749 1736 820 1804 tibi,
838 1739 967 1810 quinon
984 1749 1096 1796 tuntum
1113 1741 1149 1795 ub
1163 1743 1237 1813 aliis,

181 1831 236 1895 sed
258 1848 275 1885 a
300 1840 329 1887 te
354 1829 420 1901 ipso
444 1829 585 1884 vinceris.
603 1821 629 1891 ⁵)
662 1827 763 1882 Minas
785 1844 873 1896 sane,
899 1840 929 1890 et
951 1828 1027 1898 nihil
1042 1831 1121 1887 uliud
1137 1825 1165 1898 ό)
1182 1834 1240 1893 nisi

181 1921 276 1984 miuus
294 1920 460 1985 audiamus,
476 1918 571 1972 miuus
584 1934 657 1974 vero
667 1915 843 1987 stipularum
855 1928 884 1973 et
899 1919 1094 1989 arundinum,
1109 1939 1240 1994 quarum

181 2011 270 2066 Deus
288 2009 345 2063 scit
360 2006 574 2077 cogitationes,
599 2018 629 2061 et
646 2021 718 2069 esce
736 2022 826 2060 vanae
843 2016 922 2066 sunt·
954 2008 1013 2064 Sed
1031 2004 1164 2082 epto,·⁷)
1190 2029 1239 2069 se.

183 2109 290 2169 quatur
306 2096 416 2152 bellum
434 2096 548 2151 scilieet
564 2105 595 2149 et
610 2097 676 2160 vis,
694 2089 769 2160 urss)
788 2097 919 2151 nondum
936 2099 1054 2171 coepit,
1072 2111 1103 2157 et
1115 2093 1146 2169 9)
1162 2096 1251 2159 intes

182 2192 239 2243 rim
256 2185 305 2242 fiet
322 2186 444 2258 aliquid:
472 2197 501 2240 et
518 2184 637 2255 incipiat
653 2200 741 2254 sane,
758 2185 891 2240 nundum
907 2190 1074 2260 processit,
1092 2193 1235 2263 procedet

182 2294 323 2351 quoque,
340 2276 472 2330 nondum
490 2273 570 2328 vicit.
604 2272 726 2328 Movet-i
744 2273 856 2333 beilum
873 2275 934 2331 hoc
951 2287 1103 2351 tempore,
1124 2299 1161 2336 ne
1178 2281 1236 2337 hu.

107 2439 112 2444 ⁸
181 2385 267 2424 manu
285 2367 404 2439 quidem
420 2365 533 2420 ratione
550 2362 652 2436 capio,
670 2379 760 2434 posse
778 2364 908 2434 abillis,
926 2366 981 2423 nisi
999 2369 1089 2426 veiint
1106 2372 1235 2428 funditus

181 2461 290 2533 perire.
324 2457 432 2530 Nuper
447 2456 498 2511 hic
515 2454 619 2511 rustici
631 2452 667 2513 ¹⁰)
685 2455 748 2513 fere
764 2457 797 2509 60
813 2457 911 2512 denuo
928 2472 1094 2532 coeperunt
1108 2479 1235 2536 congre.

182 2552 261 2621 gari,
294 2559 438 2604 tentantes
462 2561 585 2618 quoque
608 2554 703 2600 noctu
725 2548 761 2608 ¹¹)
786 2563 887 2601 secem
911 2544 989 2603 iilam
1013 2550 1172 2609 Nohesteu
1197 2557 1236 2623 ¹²)

183 2655 290 2713 capere
314 2639 376 2701 (sic
393 2636 480 2691 nobis
499 2644 618 2690 narrant
634 2636 731 2690 nostri
747 2634 926 2700 Praefecto:
952 2648 985 2694 ut
1001 2641 1121 2711 videas,
1147 2647 1237 2701 etiam

183 2732 311 2787 Caesare
326 2737 498 2800 praesente,
525 2740 601 2796 opus
619 2739 687 2779 esse
704 2725 862 2795 providere
875 2726 978 2782 omnia
994 2743 1098 2786 contra
1115 2734 1236 2792 seditio.

183 2837 271 2876 nern:
298 2819 368 2890 quid
386 2816 487 2883 fieret,
512 2816 537 2870 si
553 2815 664 2868 bellum
683 2814 730 2868 isti
749 2827 898 2873 moveant.
931 2819 988 2873 Sed
1009 2821 1126 2877 numius
1145 2825 1236 2894 ἱἱιιεειι

182 2909 329 2977 Principis
341 2909 405 2978 jam
423 2904 558 2971 festinat,
575 2913 605 2957 et
621 2912 653 2957 tu
665 2921 725 2958 nou
739 2904 896 2974 scripsisti.
929 2908 1003 2964 Aliis
1015 2908 1083 2964 alias
1095 2913 1234 2972 scribam.

182 2999 281 3057 Fortis
300 3006 366 3051 esto
384 2996 414 3051 iu
431 2992 587 3060 Domino,
604 2993 712 3047 Amen.
746 2991 795 3048 Ex
813 2992 976 3063 Grulroco,
995 3002 1035 3059 19.
1045 2999 1140 3070 Julii,
1155 2996 1232 3059 annu

852 3211 891 3270 Τ.
907 3212 1056 3275 Μιιιῑιιιιε
1074 3217 1200 3278 Luther.

120 3839 128 3850 ¹
229 3844 521 3900 1)Aur'ii.†nuatram.
568 3842 590 3896 2)
609 3840 723 3893 A.†aub
736 3829 799 3886 mes
830 3841 853 3895 3)
871 3842 900 3888 Α.
914 3840 952 3888 dei
965 3842 1049 3900 gratia.
1098 3847 1230 3900 ΜΛΝ.

177 3915 508 3975 ’5)Α.οῦιιι1ιιιιιίιιιιιίι.
545 3913 783 3972 sicuti-uliud.
820 3914 842 3967 7)
856 3917 974 3969 A.†res.
1011 3920 1033 3968 s)
1050 3919 1080 3964 Α.
1094 3923 1129 3969 ut.
1166 3924 1230 3978 itu

181 3995 250 4042 ..er
299 3995 333 4047 tur
347 3994 376 4037 u.
390 3990 556 4043 utrumn.
604 3989 638 4043 tt)
652 3989 680 4032 Α.
694 3988 775 4036 uncte
821 3987 858 4043 12)
867 3987 896 4034 B.
907 3987 1067 4039 soluturus.
