2586 4696
497 342 503 359 =
546 312 636 383 ttat.
1056 314 1117 383 609

59 470 166 543 cupide
189 473 315 540 sectari,
339 472 427 530 etiam
444 489 537 530 senex
556 488 583 530 et
601 474 779 544 theologus,
804 480 834 528 et
848 471 910 530 hoc
928 470 1049 527 saeculo
1067 487 1118 524 ne.

57 564 263 631 gotiosissimo
282 575 310 618 et
325 564 578 643 laboriosissimo,
597 578 629 620 ut
642 582 735 638 prope
747 580 853 619 verum
863 580 932 618 esse
946 563 1118 627 crederem,

62 652 143 723 quod
169 669 185 706 a
209 653 389 723 sapientibus
415 665 445 710 et
470 654 552 724 grani
574 656 738 712 ,autoritate
765 652 835 708 viris
860 652 977 720 audivi,
1005 651 1120 723 scilicet

60 741 312 799 Erasmumvere
330 745 456 799 delirum
474 761 550 800 esse.
584 748 684 817 Atque
698 761 767 799 etim
780 744 906 817 primum
919 744 948 798 in
960 741 1119 799 Diatriben

56 833 245 912 scriberem,
263 844 291 888 et
308 852 435 904 cogerer
450 837 515 906 ejus
532 835 624 890 verba
641 850 765 906 pensare
784 836 829 899 (ut
840 832 998 889 Johauues
1012 833 1117 888 docet:

61 920 205 978 Probata
220 923 385 1002 spiritus),
411 923 598 997 incogitantiq
620 925 704 996 ejus,
730 925 902 996 praesertim
926 923 956 977 in
974 939 1005 976 re
1023 933 1117 990 tauta,
1156 932 1161 941 '
1191 975 1200 983 ,

62 1015 195 1082 offensus
203 1052 213 1082 ,
230 1013 313 1070 velut
329 1025 502 1069 stertentem
514 1014 639 1086 pupugi,
657 1026 688 1069 ικ
700 1013 862 1069 excitarem
875 1013 967 1068 iatum
979 1012 1119 1082 frigidum
1170 1081 1173 1084 ⁴

63 1112 94 1156 et
112 1103 229 1175 pigrum
246 1103 475 1174 disputatorem,
494 1102 724 1159 subinsimulans
741 1119 810 1156 eum
828 1101 969 1180 Epicuri,
994 1101 1136 1179 Lusiani¹>

57 1209 117 1265 seu
134 1193 336 1262 scepticorum
353 1194 518 1264 opinionis,
544 1195 568 1248 si
586 1195 662 1248 forte
680 1193 716 1248 nd
733 1193 874 1264 agendam
897 1207 1016 1248 causam
1035 1191 1117 1254 reddi
1172 1184 1175 1190 ‘

61 1292 167 1354 posset
184 1283 291 1336 acrior.
325 1283 382 1336 Sed
400 1281 473 1337 nihil
494 1283 624 1353 proieci,
650 1283 707 1337 nisi
730 1283 811 1354 quod
834 1281 966 1352 viperam
990 1282 1117 1351 irritavi,

63 1388 139 1443 quae
157 1371 258 1426 furiata
276 1383 374 1426 mente
392 1371 479 1427 nobis
501 1372 712 1442 tendentious
732 1370 964 1446 Viperaspides
987 1371 1117 1443 peperit,

62 1462 178 1533 prolem
204 1462 251 1516 tali
275 1460 395 1533 parente
421 1472 451 1518 et
475 1462 591 1532 dignam
616 1474 645 1516 et
669 1462 857 1517 simillimam.
900 1461 1058 1516 Caeterum
1082 1462 1119 1516 ad

59 1568 129 1635 ¹rem
145 1553 241 1636 ipsam
258 1552 371 1607 sortiter
387 1553 518 1622 neglexit
536 1553 728 1622 respondere.
763 1553 837 1610 ideo
861 1552 898 1607 ab
923 1569 960 1608 eo
982 1562 1119 1624 tempore

63 1653 189 1715 prorsus
207 1642 360 1714 desperavi
378 1643 414 1697 ab
432 1643 496 1713 ejus
512 1642 673 1713 theologia.

131 1773 188 1829 Sed
207 1790 285 1829 nunc
302 1774 331 1828 in
348 1785 428 1830 tuam
444 1773 618 1829 sententiam
635 1774 788 1842 concedo,
812 1791 874 1830 non
897 1773 986 1830 muse
1011 1774 1120 1842 incogi.

61 1863 199 1932 tantiam,
224 1864 276 1917 sed
294 1879 382 1930 vere,
407 1874 439 1917 ut
455 1864 546 1933 dicis,
571 1863 714 1917 inscitiam
733 1874 762 1917 et
778 1862 933 1932 malitiam,
959 1880 1017 1919 uon
1036 1863 1120 1934 qdod

62 1962 167 2006 nostra
184 1968 239 2008 seu
257 1950 487 2007 christianorum
505 1952 639 2022 dogmata
657 1953 788 2028 ignoret,
806 1953 860 2009 sed
876 1953 958 2024 quod
975 1952 1073 2008 sciens
1091 1959 1120 2007 et

60 2041 198 2112 ¹prudens
216 2058 251 2096 ea
268 2042 343 2096 scire
360 2042 453 2098 nolit,
480 2038 658 2114 Quanquam
675 2058 795 2108 revera,
820 2058 896 2113 quae
921 2057 977 2097 nos
1000 2042 1120 2114 proprie
1143 2095 1147 2101 .

59 2132 94 2187 in
112 2142 215 2186 nostro
240 2131 395 2185 consortio
420 2142 524 2186 contra
549 2130 645 2202 Papae
669 2125 847 2203 'synagogam
871 2131 1035 2201 docemus,
1060 2150 1121 2202 non

60 2219 216 2289 intelligat,
227 2237 325 2291 neque
338 2221 433 2292 possit
445 2221 620 2290 intelligere:
638 2232 737 2276 tamen
748 2222 865 2288 vulgata
876 2222 933 2292 illa,
945 2238 1020 2295 quae
1032 2223 1119 2278 nohis
1149 2291 1152 2298 1

66 2321 218 2364 suntcum
229 2309 370 2365 Ecclesia
388 2310 444 2365 sub
463 2323 569 2383 papatu
586 2312 774 2379 communia,
791 2328 851 2367 non
863 2324 964 2385 potest
975 2313 1120 2384 ignorare,

60 2401 245 2454 commultn
262 2399 299 2454 de
317 2396 364 2455 his
388 2401 513 2469 scribat,
538 2417 592 2456 seu
615 2400 706 2457 rideat
729 2402 846 2459 verius:
865 2403 967 2474 ,qualia
991 2413 1060 2477 sunt
1081 2403 1131 2471 de¹

65 2489 212 2546 Trinitatc
236 2491 265 2545 in
289 2490 411 2559 divinis,
437 2490 473 2545 dc
498 2490 609 2546 Christi
635 2491 783 2547 divinitate
808 2501 837 2547 et
858 2491 1057 2562 humanitate,
1083 2493 1132 2548 dcv

64 2592 210 2653 peccato,
228 2581 264 2634 de
281 2580 464 2634 redemtione
475 2582 593 2650 generis
604 2579 744 2649 humaui,
763 2582 799 2635 de
812 2584 1026 2637 resurrectione
1039 2599 1121 2636 mor.

62 2684 203 2738 tuorum,
221 2671 257 2725 de
275 2674 333 2725 vita
350 2681 482 2736 aeterna,
501 2684 530 2725 et
547 2671 665 2724 similia:
692 2671 767 2735 scit,
784 2671 922 2742 inquam,
945 2671 999 2726 ista
1017 2672 1120 2726 doceri

60 2772 96 2830 ¹et
114 2760 194 2814 credi
213 2761 298 2815 etiam
317 2776 332 2812 a
350 2759 447 2813 multis
465 2759 563 2829 impiis
580 2769 610 2814 et
629 2759 708 2812 falsis
722 2757 901 2814 christianis.
936 2761 998 2814 Sed
1010 2758 1121 2817 fastidit

63 2851 181 2917 omnia,
206 2850 266 2903 imo
286 2846 538 2918 nullumdubium
556 2857 603 2901 est
618 2863 689 2902 vere
708 2848 858 2917 credenti,
883 2850 930 2903 eui
952 2851 1072 2922 spiritus
1090 2851 1121 2905 in

61 2941 184 2998 naribus
203 2951 267 3006 eat,
294 2955 363 2993 eum
384 2953 451 2991 esse
476 2953 491 2990 a
514 2936 723 3010 religionibus,
751 2935 923 3008 praesertim
940 2939 1120 3011 christiana,

62 3048 188 3104 prorsus
207 3030 302 3084 alieno
318 3039 349 3099 et
367 3028 545 3082 abhorrente
563 3028 670 3080 animo.
696 3027 903 3098 Hujusmulta
918 3031 1022 3085 indicia
1039 3048 1122 3104 sper.

64 3122 124 3177 sim
135 3120 222 3191 serit,
241 3131 271 3173 et
287 3120 418 3173 futurum
436 3128 482 3171 est
500 3104 672 3187 aliquando,
691 3129 741 3185 ut,
759 3119 836 3175 sicut
849 3134 959 3189 sorex,
977 3122 1122 3194 suistpro.

64 3212 136 3285 priis
155 3209 269 3265 indiciis
287 3225 355 3264 sese
372 3208 478 3280 prodat
496 3218 525 3261 et
542 3208 653 3278 perdat.

132 3349 232 3404 Edidit
259 3350 335 3404 inter
359 3356 475 3402 caetera
502 3361 597 3416 nuper
622 3345 710 3400 etiam
738 3346 972 3418 catechismum,
999 3349 1121 3406 artificio

62 3442 152 3514 plane
178 3441 309 3495 satanico
336 3438 555 3507 compositum,
585 3445 614 3490 et
638 3438 711 3492 satis
737 3447 831 3492 astuto
858 3439 984 3496 consilio
1013 3443 1123 3510 cogitat

64 3531 221 3606 pueritiam
242 3541 271 3583 et
288 3529 478 3598 juventutem
496 3525 684 3580 christianam
703 3543 922 3598 praeoccupare
941 3540 971 3583 et
987 3530 1120 3587 imbuere

65 3622 128 3676 suis
146 3620 285 3686 venenis,
305 3635 380 3690 quae
398 3630 502 3688 postea
517 3633 576 3670 non
589 3627 697 3686 queant
709 3632 839 3687 unquam
852 3617 906 3671 illis
919 3620 1026 3687 eximi,
1044 3623 1123 3677 sicut

64 3711 177 3781 ipsein
195 3709 277 3763 Italia
295 3719 325 3762 et
344 3707 439 3760 Roma
455 3721 523 3759 atras
540 3703 658 3759 Lamias
677 3716 707 3758 et
725 3705 883 3779 Megaeras
903 3708 1002 3776 auxit,
1028 3709 1067 3764 ita
1090 3720 1123 3766 nt
1172 3756 1179 3766 .

65 3800 105 3855 sit
121 3815 201 3853 ntrnc
217 3798 296 3852 nulla
315 3793 427 3849 medela
440 3793 590 3849 sanabilis.
625 3791 1123 3866 Quisenimchristianorumlerat
1217 3858 1221 3877 Ι

62 3890 302 3949 honorationem
326 3884 494 3939 instituendi
520 3898 647 3954 pueros,
671 3892 721 3936 aut
746 3884 836 3937 rudes
860 3885 888 3938 in
912 3883 973 3943 tide,
991 3886 1121 3958 Christi,
1186 3900 1189 3903 ·

63 3978 278 4054 quaErastnus
296 3975 406 4032 utitur?
440 3973 528 4043 Certe
546 3971 661 4029 animus
678 3985 761 4044 tenep
779 3983 809 4029 et
824 3973 922 4043 rudis,
939 3975 1122 4050 simplicibus
