2594 4696
175 301 240 374 tta
560 346 590 417 a
662 304 752 378 issa.

172 474 338 522 coronaet
354 466 446 537 gloria
471 464 500 523 in
517 467 576 523 isto
598 467 703 539 insigni
726 469 806 544 loco.
840 464 1074 534 Recordamini,
1099 470 1241 537 quantam

176 554 239 610 rim
255 553 388 611 hostium
405 559 623 623 sustineamus,
642 569 671 613 et
689 574 794 615 eorum
812 558 909 612 omnis
926 559 1042 625 generis
1058 559 1240 610 daemonum

157 644 159 648 “
176 651 209 698 et
223 643 393 700 hominum.
424 645 474 702 Ne
491 647 578 701 etiam
593 659 650 701 nos
668 647 724 719 ipsi
742 646 869 701 invicem
886 647 1060 702 mordentes
1078 659 1241 700 consuma-

174 747 243 789 mus
260 735 408 791 seditione
425 735 481 792 ista
498 736 619 808 spiritus
636 737 724 806 longe
741 735 957 805 funestissima,
977 750 1057 807 quos
1074 735 1162 789 unito
1179 733 1241 806 spi.

174 825 234 880 ritu
245 827 380 897 oportuit
391 827 643 895 mutuasdextras
656 828 828 899 porrigere,
847 829 932 880 etiam
945 842 1015 881 cum
1028 825 1106 881 vitae
1119 826 1242 896 jactura

175 924 280 971 contra
295 926 355 971 tam
372 917 502 986 multos,
520 929 589 971 tam
607 916 727 987 vigiles,
752 926 811 970 tam
829 915 1021 985 infatigabiles
1047 915 1154 970 hostes
1174 914 1240 970 dies

135 1007 139 1018 ‘
174 1011 205 1058 et
220 1013 327 1059 noctes
346 1005 566 1076 impugnantes.
596 1003 639 1059 Et
663 1020 734 1059 cum
750 1005 893 1074 gaudeant
911 1022 970 1060 uno
989 1020 1029 1058 ex
1044 1003 1135 1058 nobis
1153 999 1241 1075 lapso'

172 1094 222 1149 vel
241 1094 339 1160 laeso,
365 1106 511 1167 quantum
527 1093 768 1166 triumphabunt,
794 1097 818 1152 si
839 1104 947 1150 tantam
964 1094 1138 1149 Ecclesiam
1156 1094 1241 1167 vide.

171 1183 232 1239 rint
248 1183 380 1252 mutuis,
395 1193 425 1238 et
441 1184 508 1255 plus
525 1198 614 1256 quam
626 1184 764 1245 civilibus
776 1183 948 1238 vulneribus
960 1184 1136 1255 prosterni?
1171 1163 1243 1241 Hor

173 1267 302 1328 voluerit
315 1273 424 1340 Satan,
432 1283 470 1329 ιιι
486 1274 536 1344 qui
553 1273 698 1329 hactenus
715 1273 856 1329 omnibus
874 1275 936 1329 suis
954 1274 1048 1345 portis
1065 1273 1205 1327 fuimns·
1196 1287 1242 1328 ιι.·

98 1386 101 1393 ’
171 1362 261 1428 victi,
283 1378 366 1416 nunc
381 1362 444 1417 sine
462 1362 556 1434 ipsius
574 1378 663 1416 manu
681 1372 711 1418 et
727 1362 792 1433 ipso
810 1363 973 1416 dormiente
995 1362 1126 1433 propriis
1144 1362 1241 1418 mani.

170 1449 266 1516 bua1t
285 1463 314 1506 et
333 1451 476 1512 intestinis
493 1451 633 1507 caedibus
650 1451 856 1507 concidemus.
892 1451 960 1507 Hoc
975 1449 1138 1522 prohibeat
1152 1462 1242 1523 pater

167 1542 268 1596 omnis
286 1542 363 1595 vitae
380 1551 411 1596 et
427 1541 660 1610 consolationis,
678 1542 787 1596 Amen.

236 1630 357 1704 Quare,
375 1631 432 1686 nisi
449 1631 557 1686 melius
575 1630 663 1687 vohis
681 1630 808 1702 Spiritus
826 1630 1029 1703 suggesserit,
1042 1646 1146 1684 meum
1162 1641 1245 1686 con:

170 1721 271 1776 silium
287 1721 398 1791 tuerit,
411 1731 444 1776 ut
452 1733 546 1777 ,acute
564 1721 744 1790 distinguatis
763 1721 840 1776 inter
852 1722 940 1776 istam
952 1716 1073 1775 causam
1084 1732 1115 1775 et
1127 1726 1240 1792 pacem

168 1818 319 1870 vestram.
344 1811 384 1867 Et
410 1827 481 1867 cum
505 1813 618 1866 nullum
646 1811 683 1866 sit
707 1810 866 1867 Ecclesiae
892 1812 1075 1882 periculum,
1105 1811 1131 1865 si
1155 1808 1239 1864 hane

169 1908 291 1957 causam
309 1901 411 1957 sinatis
428 1903 477 1957 vel
495 1902 530 1955 ad
555 1913 673 1973 tempus
695 1901 821 1973 sopitam
844 1901 972 1967 (trtinam
988 1899 1168 1968 extinctam)
1189 1902 1237 1970 je.

167 2006 255 2058 cere,
273 1993 370 2046 donec
387 1992 496 2046 tutiore
514 2000 545 2045 et
560 1990 684 2044 meliore
701 2001 856 2062 tempore,
875 1999 904 2044 et
921 1990 1025 2044 urimis
1043 1990 1072 2044 in
1090 2007 1166 2061 pace
1184 1989 1237 2045 fin·

166 2082 254 2136 matis
273 2093 301 2134 et
318 2079 460 2136 charitate
478 2080 620 2147 adunitis,
638 2095 704 2133 eam
722 2081 889 2135 secundum
906 2096 1028 2134 omnem
1044 2079 1238 2150 voluntatem,

168 2170 339 2241 disputetis:
366 2169 427 2223 hoc
444 2178 581 2240 tempore
606 2178 636 2222 et
657 2167 762 2222 animis
786 2169 830 2222 sic
855 2169 982 2236 affectis,
1009 2184 1162 2225 venenum
1186 2179 1240 2225 est=

168 2275 233 2314 eam
249 2259 409 2330 disputari,
427 2269 475 2312 aut
492 2257 553 2312 hoc
570 2256 675 2321 ulcus,
693 2273 747 2311 seu
766 2257 983 2313 carbunculum
1000 2268 1133 2327 tangere.
1166 2258 1235 2313 De.

167 2351 236 2406 inde
254 2349 279 2405 si
299 2349 414 2420 publica
431 2348 595 2415 absolutio,
621 2364 697 2419 quae
721 2348 775 2400 fuit
798 2348 954 2402 conclusio
975 2349 1065 2419 petita
1082 2347 1235 2419 perhanc

166 2440 414 2511 disputationem,
438 2437 565 2492 obtinuit
591 2446 621 2491 et
644 2436 851 2507 triumphavit,
878 2437 1030 2492 imitamini
1056 2438 1233 2510 exemplum

167 2528 414 2595 Atheniensium,
433 2536 463 2581 et
474 2525 584 2580 sancite
596 2527 788 2592 amnestiam,
801 2541 875 2578 ,cum
892 2528 997 2580 iterum
1008 2527 1038 2592 2)
1053 2526 1104 2581 hio
1117 2527 1235 2582 nullum

168 2621 207 2675 sit
225 2619 391 2690 periculum
408 2615 575 2671 Ecclesiae.
609 2614 648 2668 Et
664 2616 725 2668 hoc
743 2615 829 2685 plane
847 2615 982 2683 debetis,
1001 2634 1038 2670 ne
1056 2617 1142 2671 istam
1162 2634 1234 2674 cau.

167 2727 230 2766 sam
249 2707 422 2781 praeferatis
446 2706 509 2777 paci
536 2717 565 2759 et
589 2703 724 2758 charitati
747 2717 864 2762 vestrae
888 2718 918 2760 et
942 2708 1084 2769 omnium.
1120 2707 1235 2778 Fingite

168 2800 399 2869 interim-ipsum
414 2796 569 2850 Christum
587 2795 615 2849 in
633 2795 733 2850 medio
753 2796 843 2850 vestri
862 2806 1049 2866 praesentem
1068 2799 1237 2870 corporali.

168 2901 230 2957 ter,
248 2900 277 2943 et
294 2890 330 2942 ab
348 2889 441 2959 ipsius
458 2888 542 2963 vulpis
561 2886 680 2951 discite,
700 2898 799 2939 utrum
816 2888 843 2939 in
856 2887 913 2940 hac
927 2890 1016 2941 cansa
1028 2886 1135 2942 debeat
1148 2906 1235 2960 prae.

168 2980 248 3050 terri.
266 2976 294 3046 3)
330 2979 360 3032 ls
378 2977 491 3048 absque
509 2976 600 3030 dubio
618 2976 666 3028 vel
684 2976 782 3030 oculis
800 2977 861 3031 suis
880 2977 924 3031 sic
950 2977 1117 3048 alloquetur
1142 2980 1237 3035 corda

169 3080 282 3125 vestra:
301 3066 383 3145 Quid
401 3067 512 3130 thenis,
530 3064 696 3120 charissimi
714 3063 786 3133 lilii,
809 3081 888 3137 quos
904 3081 974 3119 meo
991 3067 1131 3134 sanguine
1150 3069 1238 3123 rede.

169 3160 209 3215 mi
220 3199 229 3226 ,
249 3176 316 3212 meo
334 3156 427 3209 verbo
445 3156 588 3223 regenui?
607 3164 643 3214 ut
657 3152 813 3223 diligeretis
831 3155 976 3222 invicem,
997 3154 1075 3209 hanc
1095 3174 1163 3212 esse
1180 3176 1240 3213 no.

170 3260 231 3304 tam
249 3246 462 3316 discipulorum
479 3259 616 3297 meorum
635 3243 728 3297 scitis.
761 3242 870 3298 Ponite
890 3243 967 3296 hanc
985 3261 1122 3312 calisam,
1142 3248 1191 3301 vel
1208 3249 1237 3303 in

169 3356 219 3394 me
245 3337 375 3406 rejicite,
403 3351 459 3401 ego
483 3334 604 3387 videro:
636 3333 708 3386 nihil
732 3334 855 3404 periculi
879 3346 943 3401 est,
973 3336 997 3388 si
1024 3336 1162 3406 quiescat
1186 3340 1238 3394 vel

171 3425 512 3484 etiammon'aturhaec
536 3439 632 3477 causa.
669 3421 754 3480 Nihil
783 3435 876 3478 nocet
900 3424 1054 3479 Ecclesiae
1079 3443 1183 3496 meae,
1211 3430 1238 3486 si

172 3517 291 3591 publica
309 3515 454 3570 absolutio
473 3523 596 3582 regnet,
613 3513 665 3566 sed
684 3512 743 3566 hoc
761 3515 817 3568 erit
829 3514 1011 3584 periculum,
1030 3532 1053 3568 si
1046 3515 1269 3606 dissideatis

175 3621 203 3665 et
219 3606 382 3663 mordeatis
399 3596 454 3670 4)
448 3604 586 3657 invicem.
613 3602 679 3658 llic
704 3619 765 3656 non
791 3613 902 3657 tantum
920 3604 1059 3660 scindetis
1078 3621 1177 3663 tneam
1196 3611 1240 3665 in.

223 3838 245 3884 t)
265 3833 308 3878 lid.
322 3829 432 3878 caedibus
447 3827 522 3880 iratior.
547 3827 642 3873 Autil.
661 3829 772 3873 caedibus
791 3832 816 3874 et
834 3829 955 3876 intestinis
975 3830 1053 3876 bellis.
1103 3835 1125 3884 2)
1140 3837 1241 3884 Auris.

175 3908 281 3955 interim.
330 3908 352 3959 3)
365 3903 407 3951 Ed.
421 3901 534 3962 perteret.
560 3901 793 3950 Antii-debeat
807 3902 902 3958 (talio).
951 3905 1242 3958 dinarii-etrum.

177 3981 263 4031 dealla.
