2586 4696
597 306 688 374 15310'
1110 303 1177 382 295
1255 319 1258 326 '

126 453 1175 517 .nminememetunteuntutmumotumame:accursitans·
1265 472 1271 485 ·

114 532 190 581 deta
203 547 227 592 p.
239 537 286 584 289.
306 540 352 582 tutu
365 538 414 582 itm
428 537 487 582 cod.
501 535 573 583 (ioth.
586 537 632 587 ist.
649 539 696 591 tut
714 537 759 584 fol.
774 540 818 586 tst.
835 539 857 588 4.
882 537 939 585 Jen.
955 534 977 585 b.
991 537 1175 601 i.1105.clost.;

114 607 216 658 rotund
229 610 270 660 tto
283 608 376 659 maid
390 610 463 656 xvlt.
476 610 537 669 tas,
552 610 589 658 itt
600 613 683 662 anteri
697 612 737 662 dtu
750 611 887 658 Buddeur
899 623 923 668 p.
935 612 984 659 &tsi
997 609 1070 663 timu
1085 612 1175 660 tauri·

114 683 218 738 ttdttiitae
232 685 272 734 itt
285 684 396 742 &diist
410 683 440 730 li.
450 686 496 733 ido.
515 685 561 733 unt
574 685 756 736 ttuttictett
770 683 930 739 unootudtrt
942 686 1105 740 cammunti
1118 683 1175 736 tud

115 759 151 805 tm
164 758 223 803 cod.
237 758 311 807 ocur.
325 761 362 808 tst
379 757 488 811 dutum
501 761 552 807 tem
568 758 773 819 tatmttteuttd
791 761 832 812 itt
849 758 944 810 {Batti
957 758 1023 806 xxi.
1037 761 1095 811 ιω
1118 758 1176 809 mit
1262 804 1265 811 .

113 833 199 886 witto
211 832 287 886 butt·
1075 857 1082 866 ν

629 927 668 981 A.

117 1024 263 1131 Gratiam
281 1081 311 1127 et
327 1088 432 1143 pacem
450 1074 479 1130 in
495 1073 642 1131 Domino.
676 1073 724 1130 En
740 1071 818 1129 habe
834 1073 888 1130 tibi
906 1073 1040 1142 tandem,
1056 1073 1098 1128 mi
1114 1075 1179 1130 Aa.
1267 1112 1271 1122 .

115 1160 196 1227 toni,
213 1179 269 1234 pro
287 1172 335 1217 tua
354 1162 576 1234 importunitate
591 1173 622 1220 et
637 1165 903 1237 pertinaciemeam
920 1180 1040 1237 quoque
1058 1173 1179 1221 senteu-

116 1250 192 1307 tiam'
206 1250 235 1305 in
253 1267 343 1306 causa
359 1252 452 1329 Regis
469 1253 646 1322 Augiorum.

181 1357 335 1425 Primum,
357 1366 390 1413 ut
406 1359 489 1428 dixi,
509 1359 743 1414 Lovunienaium
760 1358 982 1424 detenninatic,
1004 1356 1180 1430 praesertim

116 1448 147 1502 in
164 1448 334 1520 posteriore
352 1450 546 1520 quaestione,
562 1449 635 1505 mihi
652 1450 765 1522 piacet,
786 1458 816 1505 et
832 1449 902 1505 satia
918 1459 980 1504 tuta
997 1445 1182 1504 conscientia

116 1538 188 1592 Rex
205 1538 292 1610 sequi
306 1556 371 1592 eam
386 1551 504 1609 potest,
521 1538 582 1595 imo
601 1551 629 1594 et
646 1539 731 1611 sequi
741 1537 846 1607 debet,
863 1538 887 1592 si
905 1548 985 1605 tutus
1003 1554 1072 1593 esse
1087 1536 1181 1609 volet,

118 1638 150 1683 et
165 1629 248 1684 nullo
265 1630 357 1685 modo
375 1630 495 1684 ductam
511 1629 657 1700 Reginam
674 1630 787 1694 (fratris
803 1627 913 1684 mortui
929 1620 1074 1692 uxorem)
1092 1643 1182 1699 nepo,

120 1718 200 1773 diare
211 1718 321 1786 licebit,
340 1730 370 1774 et
387 1720 530 1775 incestam
543 1721 642 1775 facere
654 1729 714 1774 tam
726 1731 852 1775 mutrem
864 1734 954 1792 quam
968 1718 1066 1774 filiam.
1102 1716 1182 1773 Esto

120 1823 208 1876 sane,
233 1809 369 1879 peccavit
392 1810 530 1864 ducendo
551 1810 652 1866 fratris
674 1809 783 1864 mortui
807 1824 955 1876 uxorem,
980 1819 1010 1862 et
1025 1806 1181 1866 Pontificio

120 1897 249 1953 Romani
276 1899 457 1969 dispensatio
482 1918 544 1954 oon
568 1900 695 1954 valuerit
717 1898 816 1971 (quod
843 1914 924 1954 nuno
947 1915 1009 1953 non
1036 1897 1182 1968 disputo)t

120 1998 220 2044 tamen
237 1987 323 2058 longe
340 1989 437 2059 majus
455 1999 482 2044 et
498 1989 631 2049 atrocius
648 1998 806 2061 peccatum
829 1987 932 2054 fuerit,
956 1989 1076 2042 ductam
1095 2003 1184 2059 repu-

119 2077 219 2144 diare,
236 2078 413 2149 praesertim
424 2079 487 2132 hoc
498 2080 635 2146 nomine,
652 2089 685 2134 ut
696 2087 843 2149 perpetuo
861 2077 1025 2150 opprobrio
1040 2089 1099 2132 tum
1111 2077 1182 2134 Rex

119 2184 210 2239 quam
227 2169 341 2238 Regina
358 2178 388 2223 e‘t
402 2169 566 2238 Reginttine
579 2167 605 2236 ¹)
623 2169 729 2224 incesti
748 2167 942 2224 criminentur
961 2178 992 2224 et
1007 2167 1182 2227 habeantur.

120 2257 224 2329 Quare
241 2274 308 2312 meu
331 2258 477 2313 sententia
501 2260 611 2313 frustra
627 2269 739 2313 vexant
762 2258 979 2314 conscientiam
996 2257 1105 2329 Regis,
1131 2259 1183 2331 qui

119 2347 155 2401 nd
181 2346 336 2417 repudium
360 2363 428 2402 eum
453 2346 605 2403 solicitant
628 2346 686 2402 hac
713 2359 826 2402 tantum
851 2364 955 2404 causa.
993 2347 1022 2402 Si
1048 2350 1184 2419 peccavit

119 2428 277 2506 ducendo,¹
295 2438 410 2493 transiit
427 2438 488 2492 hoc
507 2449 665 2509 peccatum
683 2438 711 2492 in
723 2438 930 2509 praeteritum,
947 2447 977 2493 et
989 2439 1067 2493 sicut
1083 2438 1184 2495 omnia
1229 2421 1238 2437 ⁸

121 2529 175 2582 alia
194 2541 318 2600 peccata
335 2528 507 2599 praeterita,
533 2527 712 2597 poenitentia
731 2528 917 2583 emendetur:
941 2527 993 2584 aed
1012 2528 1184 2598 conjugium

120 2620 189 2676 ideo
206 2636 267 2673 non
291 2618 461 2685 dirimatur,
477 2619 508 2684 ²)
531 2629 561 2673 et
585 2631 645 2672 tum
661 2619 770 2687 grande
789 2629 945 2689 peccatum
969 2620 1101 2674 futurum
1118 2636 1185 2689 per.

119 2709 197 2764 mitti
224 2725 285 2762 non
310 2708 408 2763 debet.
444 2707 529 2782 Quot
552 2708 632 2762 enim
655 2718 723 2761 sunt
747 2709 777 2762 in
793 2708 905 2762 mundo
930 2709 1083 2777 conjugia,
1108 2724 1184 2780 quaa

120 2799 276 2874 peccando
289 2799 442 2868 coierunt,
460 2809 489 2853 et
503 2808 602 2869 tamen
613 2797 708 2852 dirimi
725 2814 787 2852 non
799 2797 909 2852 debent
926 2815 1024 2870 neque
1038 2801 1184 2870 possunt?

186 2905 269 2960 Haeo
288 2904 324 2960 tie
342 2905 388 2959 ilia
407 2921 463 2959 una
476 2921 574 2960 causa.
609 2904 728 2970 Altera,
739 2901 771 2969 ³)
790 2904 853 2959 aive
871 2913 902 2958 tu
914 2904 1016 2974 fingis,
1034 2904 1099 2960 sive
1113 2921 1184 2964 vera

122 3005 186 3062 est,
212 2995 294 3066 quod
317 2996 387 3050 Rex
409 2995 525 3067 quaerit
548 2993 708 3049 haeredem
733 2994 816 3064 regui
839 2992 949 3063 filium,
972 2994 1085 3064 Regina
1107 3012 1183 3052 vcro

120 3087 267 3142 foeminas
284 3095 397 3141 tautum
411 3087 526 3157 peperit
543 3094 618 3154 ctc.‚
630 3077 663 3152 ⁴)
679 3082 759 3139 hunc
774 3085 869 3139 multo
881 3085 981 3140 minus
998 3086 1098 3141 valera
1115 3087 1184 3159 quit

121 3193 183 3231 non
196 3176 299 3230 videt?
333 3177 409 3246 Quis
423 3175 536 3244 Regem
548 3174 636 3229 faciet
646 3183 762 3230 eertum
770 3213 779 3242 ,
796 3173 844 3228 vel
856 3173 935 3230 hauc
950 3191 1012 3230 uon
1025 3175 1185 3247 pariturum

122 3283 190 3322 ease
208 3266 373 3320 ruasculum
390 3265 430 3334 (si
449 3276 529 3320 aetas
547 3282 608 3320 non
626 3262 791 3330 obstiterit)
808 3264 857 3320 vei
879 3265 1001 3320 aiteram
1018 3265 1184 3325 ducendam

123 3356 283 3428 parituram
301 3371 367 3410 esse
385 3354 557 3408 masculos?
590 3353 630 3410 Et
647 3365 746 3409 tamen
772 3353 886 3410 etiamsi
905 3365 1021 3410 certum
1038 3365 1136 3425 estet,
1152 3347 1184 3425 ⁵)

123 3446 244 3503 alteram
268 3446 424 3518 parittuam
445 3461 515 3499 esse
533 3446 700 3514 masculos,
724 3443 821 3499 adhuc
845 3462 907 3500 non
930 3445 1032 3502 iicebit
1052 3447 1184 3517 priorem

124 3536 296 3608 repudiare,
314 3536 490 3608 praesertim
504 3547 537 3590 ut
550 3536 689 3588 incestam
705 3547 733 3589 et
747 3534 882 3589 sobolem
893 3527 919 3601 ⁶)
933 3536 1044 3607 paritor
1054 3529 1083 3604 ⁷)
1102 3538 1184 3592 iuoe.

124 3608 189 3681 εἷπε
208 3625 333 3679 crimine
357 3625 513 3694 insignire,
538 3624 566 3678 id
584 3633 631 3678 est
646 3617 679 3691 8)
704 3641 799 3696 poena
819 3624 873 3678 ista
889 3625 1061 3696 gravissima
1078 3627 1182 3698 punire

174 3839 454 3895 ttcod.168.ruginnia.
485 3841 781 3894 doctissumorum.
811 3821 1050 3894 itcoddmitertm.
1084 3843 1180 3894 iicod.

124 3914 297 3968 ttsstideit.
345 3915 796 3964 5)conmarcuit-etrettuuesset
846 3916 1036 3992 modicae.
1086 3917 1180 3970 itcod.

123 3989 326 4042 iwtaeieruo.
375 3988 601 4039 &comminuet
931 3990 932 3994 ’
