2594 4696
173 290 238 376 646
663 288 754 370 1535.

71 425 76 434 ¹
195 450 406 521 Bernlrurdo,
419 452 460 509 ,br
477 446 625 511 Ecclesia·
641 451 915 526 Dwtkelspulsrisi
930 449 1085 515 Pastori
1102 448 1236 508 sincere.

177 598 233 690 G·
251 653 281 700 et
297 645 333 702 P.
351 647 380 701 in
397 647 544 703 Domino.
577 648 685 703 Attulit
708 648 804 702 literas
827 653 893 700 turs
916 643 1016 700 ftster
1042 642 1075 698 in
1099 638 1247 705 Domino,

172 733 269 792 ‚simul
294 751 363 789 cum
390 737 711 810 quaestionequadam
730 738 766 791 de
783 735 907 790 muliere
926 751 941 788 a
959 733 1109 790 Diabolo
1134 744 1247 798 mm,

174 824 218 880 nri
235 824 369 880 Domine
385 825 508 883 Pastor:
537 841 566 882 et
589 827 657 882 licet
678 827 798 881 brevius
817 842 910 895 cogar
934 823 1104 892 scribere,
1132 832 1181 878 tot
1204 839 1248 893 op.

177 929 302 986 pressus
326 915 455 971 molibus
481 933 600 983 rerum,
623 927 720 971 tamen
738 917 805 987 quie
829 916 880 970 bic
897 913 1113 971 Theobaldus
1134 913 1249 968 Diedel

177 1005 318 1070 huberl)
335 1007 452 1061 futurus
470 1019 536 1062 erat
550 1007 684 1078 bajulus,
702 1007 782 1062 volui
798 1005 887 1060 etium
899 1005 1148 1061 commendendi
1166 1003 1249 1074 gnua

71 1140 77 1151 .
177 1096 257 1151 illius
274 1096 327 1151 tibi
345 1098 536 1169 respondere.

242 1224 376 1280 Primum
387 1226 450 1281 hob
463 1245 548 1296 agere
562 1227 648 1282 debet
660 1227 799 1284 Ecclesia
811 1235 861 1282 tua
873 1234 995 1291 tecum,
1014 1225 1145 1282 fortiter
1157 1238 1249 1292 crare,

177 1314 254 1370 etin
272 1315 328 1370 lide
345 1329 447 1381 contra
464 1317 598 1372 satanam
615 1330 710 1388 stare,
734 1318 848 1375 etiarnsi
867 1317 917 1372 ille
934 1317 1084 1390 pertinax
1102 1309 1249 1372 restiterit

175 1403 246 1460 Nos
270 1406 299 1459 in
323 1406 370 1459 bis
394 1406 471 1461 locis
497 1408 531 1460 ad
550 1408 727 1462 decennium
745 1408 823 1478 passi
841 1407 1038 1465 daemonium
1066 1406 1249 1480 pessimum,

176 1503 277 1549 tumen
302 1497 521 1567 perseverantia
545 1498 662 1553 tandem
688 1497 928 1568 perdomuimus,
957 1497 1087 1553 instanti
1116 1498 1248 1570 oratioue

182 1592 214 1639 et
231 1583 287 1639 lide
305 1584 479 1641 indubitata:
506 1586 583 1644 idem
602 1586 652 1644 liet
668 1599 697 1643 et
715 1587 791 1658 apud
807 1603 879 1655 vos,
898 1586 923 1642 si
942 1587 1073 1658 pergitis
1093 1589 1182 1643 illum
1199 1588 1248 1658 spi.

178 1672 271 1728 ritum
295 1671 450 1732 irrisorem
476 1683 506 1730 et
523 1676 684 1748 superbum
708 1678 736 1731 in
755 1675 878 1730 Christo
897 1691 1007 1731 rursus
1029 1688 1248 1746 contemnere,

179 1773 211 1818 et
228 1781 289 1819 non
306 1781 426 1819 cessere
444 1764 482 1819 sb
498 1766 621 1820 orendo.
653 1765 721 1834 Ego
736 1765 847 1820 multos
864 1765 939 1820 tales
956 1765 1089 1835 spiritus
1102 1767 1170 1822 hoc
1186 1783 1248 1822 ccu-

127 1903 131 1911 ,
180 1852 249 1908 silio
267 1853 295 1907 in
313 1854 415 1908 mullis
433 1853 510 1909 locis
528 1855 720 1925 compescui,
744 1855 810 1927 quia
833 1853 929 1909 oratio
946 1853 1116 1911 Ecclesiae
1136 1858 1247 1913 tandem

176 1943 337 2015 praevalet.
373 1944 475 2018 Quare
492 1954 523 1999 et
539 1955 571 1999 tu
583 1961 643 1999 nou
656 1942 819 2010 dubitabis,
838 1944 863 1997 si
876 1961 948 1998 vere
966 1953 997 2004 et
1016 1956 1248 2018 perseverunt«

179 2032 353 2100 oraveritis,
371 2032 442 2103 quiu
459 2033 516 2087 iste
534 2033 652 2104 spiritus
671 2030 881 2087 humiliabitur.

246 2159 414 2224 Secundum
432 2169 478 2216 est
493 2161 573 2230 hoc,
596 2171 629 2216 ut
646 2162 797 2232 diligenter
813 2161 992 2234 perspicius,
1015 2181 1059 2221 ne
1077 2182 1143 2238 qun
1160 2163 1247 2221 rubuit

181 2248 263 2303 fraus
288 2249 315 2302 in
341 2249 396 2303 ista
413 2249 602 2318 muliercula,
627 2267 685 2321 qua
709 2250 867 2306 illudamini
883 2267 941 2307 vos
962 2268 1085 2308 omnes.
1125 2255 1245 2312 Namet

181 2336 238 2407 e‘gu
256 2338 329 2392 tales
347 2340 464 2393 fraudes
480 2345 582 2406 (taceo
601 2341 670 2410 quid
689 2341 809 2410 legerim
827 2342 856 2397 in
874 2341 975 2397 libris>
992 2359 1065 2396 mea
1084 2343 1185 2422 ipsius
1203 2361 1244 2415 ex,

181 2429 323 2501 perientia
347 2430 461 2493 inveni,
485 2441 516 2483 ut
531 2429 604 2484 mihi
623 2442 727 2501 postea
752 2430 840 2485 fuerit
856 2447 921 2484 mea
941 2432 1127 2504 simplicitas
1146 2452 1243 2504 magno

183 2519 357 2590 opprobrio.
391 2520 529 2572 Delectat
546 2520 624 2575 enim
641 2521 775 2589 spiritum
794 2521 882 2575 istum
896 2522 1000 2588 (sicuti
1021 2523 1062 2576 ab
1081 2525 1171 2580 initio
1184 2543 1243 2579 con

181 2609 312 2674 suevit),
331 2607 354 2659 si
372 2623 424 2678 per
436 2609 591 2662 mulierem
610 2620 707 2679 potest
725 2611 818 2662 Adam
837 2611 936 2664 lacere
954 2611 1102 2680 stultum,
1123 2615 1177 2668 ubi
1194 2630 1243 2669 not

181 2709 284 2770 potest
297 2699 396 2751 facere
409 2697 542 2766 impium,
560 2698 674 2752 etiamsi
690 2699 749 2752 hoc
762 2700 852 2767 magis
867 2701 976 2771 cupiat.
1010 2701 1154 2772 Summa,
1173 2704 1243 2776 quic

183 2789 252 2857 quid
267 2788 320 2853 sir,
339 2788 401 2841 sibe
420 2788 448 2840 iu
463 2788 516 2840 ista
528 2787 668 2855 muliere,
687 2788 751 2842 sive
769 2789 797 2842 in
815 2790 894 2853 aliis,
913 2806 992 2861 quos
1008 2808 1243 2859 commemoras,

1289 2679 1291 2705 l

181 2877 219 2928 sit
238 2877 381 2942 incubus,
399 2877 567 2944 succubus,
586 2891 614 2930 et
633 2878 662 2930 in
680 2895 783 2932 omnes
798 2890 982 2933 monstrosus
1001 2879 1137 2951 figuras,
1157 2899 1243 2939 tamen
1290 2868 1291 2877 ἵ

182 2966 331 3020 diabolum
355 2953 421 3020 esse
439 2967 565 3020 scimus.
599 2966 671 3020 ldeo
690 2985 787 3038 neque
814 2978 927 3020 temere
953 2969 1092 3037 ejusve!
1120 2974 1190 3029 licta
1207 2975 1244 3028 rel

182 3057 277 3120 iacta,
303 3072 401 3126 neque
420 3073 468 3109 res
483 3072 583 3127 neque
602 3066 720 3126 spectra
745 3072 848 3111 curare
872 3057 1035 3126 debemus,
1063 3064 1121 3117 sed
1151 3079 1246 3120 contri

185 3164 253 3200 eum
271 3147 327 3201 lide
345 3161 375 3201 st
393 3150 524 3212 oratione
542 3164 682 3219 pugnare.
716 3148 792 3201 Vivit
811 3148 874 3215 ille,
893 3165 984 3219 quem
1004 3149 1076 3222 ipse
1093 3158 1246 3212 crucifixit

184 3239 241 3292 Sed
260 3254 363 3292 rursus
376 3238 412 3292 de
430 3238 609 3292 crucifixere
622 3232 782 3292 cruc'ilixus
801 3239 994 3311 triumphavit
1011 3242 1043 3295 in
1057 3259 1163 3303 semet
1180 3251 1247 3321 ipso,

183 3338 217 3381 ut
242 3339 270 3380 et
289 3344 344 3380 nos
370 3328 397 3380 iu
423 3328 529 3380 eodem
547 3337 647 3380 contra
674 3327 753 3380 illum
776 3327 957 3398 triumphare
976 3333 1153 3400 possimus.
1187 3338 1249 3391 l'ale

184 3418 215 3472 in
233 3416 378 3473 Domino.
409 3415 620 3485 Wirenbergae
638 3416 665 3470 d.
682 3419 708 3470 2.
725 3414 927 3484 NovembsiS,
951 3433 1032 3472 anno
1053 3421 1250 3484 MDxxxv.

913 3544 1073 3608 Martinus
1093 3553 1225 3614 Luther.

238 3975 262 4020 ¹¹)
276 3974 332 4027 ‘bot
348 3975 367 4018 b.
381 3973 425 4022 iit.
439 3980 461 4018 b.
475 3977 505 4021 15.
521 3975 596 4023 mm,
608 3975 654 4020 No.
664 3975 800 4022 Mucxtu.
